<?xml version="1.0" encoding="UTF-8"?>
<collection xmlns="http://www.loc.gov/MARC21/slim"
            xmlns:xsi="http://www.w3.org/2001/XMLSchema-instance"
            xmlns:marc="http://www.loc.gov/MARC21/slim"
            xmlns:oai="http://www.openarchives.org/OAI/2.0/"
            xsi:schemaLocation="http://www.loc.gov/MARC21/slim http://www.loc.gov/standards/marcxml/schema/MARC21slim.xsd">
  
  <record xsi:schemaLocation="http://www.loc.gov/MARC21/slim http://www.loc.gov/standards/marcxml/schema/MARC21slim.xsd">
      <leader>00000cam a2200649Ii 4500</leader>
      <controlfield tag="FMT">BK</controlfield>
      <controlfield tag="LDR">00000cam a2200649Ii 4500</controlfield>
      <controlfield tag="001">004486686</controlfield>
      <controlfield tag="003">OCoLC</controlfield>
      <controlfield tag="005">20161014112500.0</controlfield>
      <controlfield tag="008">161003s2014    ru abe   b    000 0 rus d</controlfield>
      <datafield tag="020" ind1=" " ind2=" ">
         <subfield code="a">9785990615472</subfield>
      </datafield>
      <datafield tag="020" ind1=" " ind2=" ">
         <subfield code="a">5990615477</subfield>
      </datafield>
      <datafield tag="035" ind1=" " ind2=" ">
         <subfield code="a">(OCoLC)948653548</subfield>
      </datafield>
      <datafield tag="040" ind1=" " ind2=" ">
         <subfield code="a">NjP</subfield>
         <subfield code="b">eng</subfield>
         <subfield code="e">rda</subfield>
         <subfield code="c">PUL</subfield>
         <subfield code="d">OCLCO</subfield>
         <subfield code="d">CGU</subfield>
         <subfield code="d">OCLCF</subfield>
         <subfield code="d">OCLCO</subfield>
         <subfield code="d">NNU</subfield>
      </datafield>
      <datafield tag="041" ind1="0" ind2=" ">
         <subfield code="a">rus</subfield>
         <subfield code="b">eng</subfield>
      </datafield>
      <datafield tag="043" ind1=" " ind2=" ">
         <subfield code="a">e-un---</subfield>
      </datafield>
      <datafield tag="050" ind1=" " ind2="4">
         <subfield code="a">DK508.9.K78</subfield>
         <subfield code="b">S627 2014</subfield>
      </datafield>
      <datafield tag="066" ind1=" " ind2=" ">
         <subfield code="c">(N</subfield>
      </datafield>
      <datafield tag="100" ind1="1" ind2=" ">
         <subfield code="6">880-01</subfield>
         <subfield code="a">Smekalova, Tatyana N.,</subfield>
         <subfield code="e">author.</subfield>
      </datafield>
      <datafield tag="245" ind1="1" ind2="0">
         <subfield code="6">880-02</subfield>
         <subfield code="a">Arkheologicheskie atlasy Severnogo Prichernomorʹi͡a :</subfield>
         <subfield code="b">atlas pozdneskifskikh gorodishch predgornogo Kryma /</subfield>
         <subfield code="c">T.N. Smekalova, S.G. Koltukhov, I͡U.P. Zaĭt͡sev = Archaeological atlases of the Northern Black Sea Shore : atlas of late Scythian fortresses in the Crimean foothills / T.N. Smekalova, S.G. Koltukhov, Ju. P. Zaytsev.</subfield>
      </datafield>
      <datafield tag="246" ind1="3" ind2="1">
         <subfield code="a">Archaeological atlases of the Northern Black Sea Shore :</subfield>
         <subfield code="b">atlas of late Scythian fortresses in the Crimean foothills</subfield>
      </datafield>
      <datafield tag="246" ind1="3" ind2="0">
         <subfield code="6">880-03</subfield>
         <subfield code="a">Atlas pozdneskifskikh gorodishch predgornogo Kryma</subfield>
      </datafield>
      <datafield tag="246" ind1="3" ind2="0">
         <subfield code="a">Atlas of late Scythian fortresses in the Crimean foothills</subfield>
      </datafield>
      <datafield tag="264" ind1=" " ind2="1">
         <subfield code="6">880-04</subfield>
         <subfield code="a">Sankt-Peterburg :</subfield>
         <subfield code="b">Izdatelʹstvo "Aleteĭi͡a",</subfield>
         <subfield code="c">2015.</subfield>
      </datafield>
      <datafield tag="300" ind1=" " ind2=" ">
         <subfield code="a">1 atlas (292 pages) :</subfield>
         <subfield code="b">chiefly color illustrations, maps, plans ;</subfield>
         <subfield code="c">35 cm.</subfield>
      </datafield>
      <datafield tag="336" ind1=" " ind2=" ">
         <subfield code="a">cartographic image</subfield>
         <subfield code="2">rdacontent</subfield>
      </datafield>
      <datafield tag="336" ind1=" " ind2=" ">
         <subfield code="a">text</subfield>
         <subfield code="b">txt</subfield>
         <subfield code="2">rdacontent</subfield>
      </datafield>
      <datafield tag="337" ind1=" " ind2=" ">
         <subfield code="a">unmediated</subfield>
         <subfield code="b">n</subfield>
         <subfield code="2">rdamedia</subfield>
      </datafield>
      <datafield tag="338" ind1=" " ind2=" ">
         <subfield code="a">volume</subfield>
         <subfield code="b">nc</subfield>
         <subfield code="2">rdacarrier</subfield>
      </datafield>
      <datafield tag="490" ind1="1" ind2=" ">
         <subfield code="6">880-05</subfield>
         <subfield code="a">Materialy k arkheologicheskoĭ karte Kryma ;</subfield>
         <subfield code="v">vypusk XV =</subfield>
         <subfield code="a">Materials for the archaeological map of Crimea ;</subfield>
         <subfield code="v">issue XV</subfield>
      </datafield>
      <datafield tag="504" ind1=" " ind2=" ">
         <subfield code="a">Includes bibliographical references (pages 238-242).</subfield>
      </datafield>
      <datafield tag="500" ind1=" " ind2=" ">
         <subfield code="6">880-06</subfield>
         <subfield code="a">At head of title: Sankt-Peterburgskiĭ gosudarstvennyĭ universitet. Institut arkheologgi Kryma</subfield>
      </datafield>
      <datafield tag="500" ind1=" " ind2=" ">
         <subfield code="6">880-07</subfield>
         <subfield code="a">"Nauchnoe izdanie"--Colophon.</subfield>
      </datafield>
      <datafield tag="546" ind1=" " ind2=" ">
         <subfield code="a">Abstract also in English; captions in Russian and English.</subfield>
      </datafield>
      <datafield tag="651" ind1=" " ind2="0">
         <subfield code="a">Crimea (Ukraine)</subfield>
         <subfield code="x">Antiquities</subfield>
         <subfield code="v">Atlases.</subfield>
      </datafield>
      <datafield tag="650" ind1=" " ind2="0">
         <subfield code="a">Excavations (Archaeology)</subfield>
         <subfield code="z">Ukraine</subfield>
         <subfield code="z">Crimea</subfield>
         <subfield code="v">Atlases.</subfield>
      </datafield>
      <datafield tag="650" ind1=" " ind2="0">
         <subfield code="a">Excavations (Archaeology)</subfield>
         <subfield code="z">Ukraine</subfield>
         <subfield code="z">Crimea</subfield>
         <subfield code="x">Remote sensing</subfield>
         <subfield code="v">Atlases.</subfield>
      </datafield>
      <datafield tag="650" ind1=" " ind2="0">
         <subfield code="a">Earthworks (Archaeology)</subfield>
         <subfield code="z">Ukraine</subfield>
         <subfield code="z">Crimea</subfield>
         <subfield code="v">Atlases.</subfield>
      </datafield>
      <datafield tag="650" ind1=" " ind2="0">
         <subfield code="a">Earthworks (Archaeology)</subfield>
         <subfield code="z">Ukraine</subfield>
         <subfield code="z">Crimea</subfield>
         <subfield code="x">Remote sensing</subfield>
         <subfield code="v">Atlases.</subfield>
      </datafield>
      <datafield tag="650" ind1=" " ind2="0">
         <subfield code="a">Fortification</subfield>
         <subfield code="z">Ukraine</subfield>
         <subfield code="z">Crimea</subfield>
         <subfield code="v">Atlases.</subfield>
      </datafield>
      <datafield tag="650" ind1=" " ind2="0">
         <subfield code="a">Fortification</subfield>
         <subfield code="z">Ukraine</subfield>
         <subfield code="z">Crimea</subfield>
         <subfield code="x">Remote sensing</subfield>
         <subfield code="v">Atlases.</subfield>
      </datafield>
      <datafield tag="650" ind1=" " ind2="0">
         <subfield code="a">Scythians</subfield>
         <subfield code="z">Ukraine</subfield>
         <subfield code="z">Crimea</subfield>
         <subfield code="v">Atlases.</subfield>
      </datafield>
      <datafield tag="700" ind1="1" ind2=" ">
         <subfield code="6">880-08</subfield>
         <subfield code="a">Koltukhov, S. G.,</subfield>
         <subfield code="e">author.</subfield>
      </datafield>
      <datafield tag="700" ind1="1" ind2=" ">
         <subfield code="6">880-09</subfield>
         <subfield code="a">Zaĭt͡sev, I͡U. P.</subfield>
         <subfield code="q">(I͡Uriĭ Pavlovich)</subfield>
         <subfield code="e">author.</subfield>
      </datafield>
      <datafield tag="710" ind1="2" ind2=" ">
         <subfield code="6">880-10</subfield>
         <subfield code="a">Sankt-Peterburgskiĭ gosudarstvennyĭ universitet,</subfield>
         <subfield code="e">issuing body.</subfield>
      </datafield>
      <datafield tag="880" ind1="1" ind2=" ">
         <subfield code="6">100-01/</subfield>
         <subfield code="a">Смекалова, Тaтьяна Н.,</subfield>
         <subfield code="e">author.</subfield>
      </datafield>
      <datafield tag="880" ind1="1" ind2="0">
         <subfield code="6">245-02/</subfield>
         <subfield code="a">Археологические атласы Северного Причерноморья :</subfield>
         <subfield code="b">атлас позднескифских городищ предгорного Крыма /</subfield>
         <subfield code="c">Т.Н. Смекалова, С.Г. Колтухов, Ю.П. Зайцев = Archaeological atlases of the Northern Black Sea Shore : atlas of late Scythian fortresses in the Crimean foothills / T.N. Smekalova, S.G. Koltukhov, Ju. P. Zaytsev.</subfield>
      </datafield>
      <datafield tag="880" ind1="3" ind2="0">
         <subfield code="6">246-03/</subfield>
         <subfield code="a">Атлас позднескифских городищ предгорного Крыма</subfield>
      </datafield>
      <datafield tag="880" ind1=" " ind2="1">
         <subfield code="6">264-04/</subfield>
         <subfield code="a">Санкт-Петербург :</subfield>
         <subfield code="b">Издательство "Алетейя",</subfield>
         <subfield code="c">2015.</subfield>
      </datafield>
      <datafield tag="880" ind1="1" ind2=" ">
         <subfield code="6">490-05/</subfield>
         <subfield code="a">Материалы к археологической карте Крыма ;</subfield>
         <subfield code="v">выпуск ХV =</subfield>
         <subfield code="a">Materials for the archaeological map of Crimea ;</subfield>
         <subfield code="v">issue XV</subfield>
      </datafield>
      <datafield tag="880" ind1=" " ind2=" ">
         <subfield code="6">500-06/</subfield>
         <subfield code="a">At head of title: Санкт-Петербургский государственный университет. Институт aрхеологии Kрыма</subfield>
      </datafield>
      <datafield tag="880" ind1=" " ind2=" ">
         <subfield code="6">500-07/</subfield>
         <subfield code="a">"Нaучное издание"--Colophon.</subfield>
      </datafield>
      <datafield tag="880" ind1="1" ind2=" ">
         <subfield code="6">700-08/</subfield>
         <subfield code="a">Колтухов, С. Г.,</subfield>
         <subfield code="e">author.</subfield>
      </datafield>
      <datafield tag="880" ind1="1" ind2=" ">
         <subfield code="6">700-09/</subfield>
         <subfield code="a">Зайцев, Ю. П.</subfield>
         <subfield code="q">(Юрий Павлович),</subfield>
         <subfield code="e">author.</subfield>
      </datafield>
      <datafield tag="880" ind1="2" ind2=" ">
         <subfield code="6">710-10/</subfield>
         <subfield code="a">Санкт-Петербургский государственный университет,</subfield>
         <subfield code="e">issuing body.</subfield>
      </datafield>
      <datafield tag="830" ind1=" " ind2="0">
         <subfield code="6">880-11</subfield>
         <subfield code="a">Materialy k arkheologicheskoĭ karte Kryma ;</subfield>
         <subfield code="v">vyp. 15.</subfield>
      </datafield>
      <datafield tag="880" ind1=" " ind2="0">
         <subfield code="6">830-11/</subfield>
         <subfield code="a">Материалы к археологической карте Крыма ;</subfield>
         <subfield code="v">вып. 15.</subfield>
      </datafield>
      <datafield tag="994" ind1=" " ind2=" ">
         <subfield code="a">Z0</subfield>
         <subfield code="b">ZYU</subfield>
      </datafield>
      <datafield tag="OWN" ind1=" " ind2=" ">
         <subfield code="a">GENERAL</subfield>
      </datafield>
      <datafield tag="AVA" ind1=" " ind2=" ">
         <subfield code="a">NYU50</subfield>
         <subfield code="b">NISAW</subfield>
         <subfield code="c">Folio Collection</subfield>
         <subfield code="d">DK508.9.K78 S627 2014 Non-circulating</subfield>
         <subfield code="e">available</subfield>
         <subfield code="t">Available</subfield>
         <subfield code="f">1</subfield>
         <subfield code="g">0</subfield>
         <subfield code="h">N</subfield>
         <subfield code="i">0</subfield>
         <subfield code="j">FOLIO</subfield>
         <subfield code="k">0</subfield>
      </datafield>
      <marc:datafield tag="852" ind1=" " ind2=" ">
         <marc:subfield code="b">Institute for the Study of the Ancient World, </marc:subfield>
         <marc:subfield code="c">Folio Collection</marc:subfield>
         <marc:subfield code="e">15 East 84th St., </marc:subfield>
         <marc:subfield code="e">New York, NY  10028</marc:subfield>
      </marc:datafield>
   </record>