
  
  
  
  
  
  
  
  
  
 
  
  <record xsi:schemaLocation="http://www.loc.gov/MARC21/slim http://www.loc.gov/standards/marcxml/schema/MARC21slim.xsd">
      <leader>00000cam a2200481Ii 4500</leader>
      <controlfield tag="FMT">BK</controlfield>
      <controlfield tag="LDR">00000cam a2200481Ii 4500</controlfield>
      <controlfield tag="001">004486825</controlfield>
      <controlfield tag="003">OCoLC</controlfield>
      <controlfield tag="005">20161005155612.0</controlfield>
      <controlfield tag="008">160820s2016    pl a     b    100 0 eng d</controlfield>
      <datafield tag="020" ind1=" " ind2=" ">
         <subfield code="a">9788393842582</subfield>
      </datafield>
      <datafield tag="020" ind1=" " ind2=" ">
         <subfield code="a">8393842581</subfield>
      </datafield>
      <datafield tag="035" ind1=" " ind2=" ">
         <subfield code="a">(OCoLC)957140006</subfield>
         <subfield code="z">(OCoLC)957135291</subfield>
      </datafield>
      <datafield tag="040" ind1=" " ind2=" ">
         <subfield code="a">BTCTA</subfield>
         <subfield code="b">eng</subfield>
         <subfield code="e">rda</subfield>
         <subfield code="c">BTCTA</subfield>
         <subfield code="d">YDX</subfield>
         <subfield code="d">ZYU</subfield>
      </datafield>
      <datafield tag="041" ind1="0" ind2=" ">
         <subfield code="a">eng</subfield>
         <subfield code="a">ita</subfield>
         <subfield code="a">ger</subfield>
         <subfield code="a">fre</subfield>
      </datafield>
      <datafield tag="043" ind1=" " ind2=" ">
         <subfield code="a">f-ua---</subfield>
      </datafield>
      <datafield tag="050" ind1=" " ind2="4">
         <subfield code="a">PA3339</subfield>
         <subfield code="b">.I5 2013</subfield>
      </datafield>
      <datafield tag="066" ind1=" " ind2=" ">
         <subfield code="c">Grek</subfield>
         <subfield code="c">(S</subfield>
      </datafield>
      <datafield tag="111" ind1="2" ind2=" ">
         <subfield code="a">International Congress of Papyrology</subfield>
         <subfield code="n">(27th :</subfield>
         <subfield code="d">2013 :</subfield>
         <subfield code="c">Warsaw, Poland)</subfield>
      </datafield>
      <datafield tag="245" ind1="1" ind2="0">
         <subfield code="a">Proceedings of the 27th International Congress of Papyrology /</subfield>
         <subfield code="c">edited by Tomasz Derda, Adam Łajtar, Jakub Urbanik ; in cooperation with Andrzej Merończuk, Grzegorz Ochała.</subfield>
      </datafield>
      <datafield tag="264" ind1=" " ind2="1">
         <subfield code="a">Warsaw :</subfield>
         <subfield code="b">Journal of Juristic Papyrology,</subfield>
         <subfield code="c">2016.</subfield>
      </datafield>
      <datafield tag="300" ind1=" " ind2=" ">
         <subfield code="a">3 volumes :</subfield>
         <subfield code="b">black-and-white illustrations ;</subfield>
         <subfield code="c">24 cm.</subfield>
      </datafield>
      <datafield tag="336" ind1=" " ind2=" ">
         <subfield code="a">text</subfield>
         <subfield code="b">txt</subfield>
         <subfield code="2">rdacontent</subfield>
      </datafield>
      <datafield tag="337" ind1=" " ind2=" ">
         <subfield code="a">unmediated</subfield>
         <subfield code="b">n</subfield>
         <subfield code="2">rdamedia</subfield>
      </datafield>
      <datafield tag="338" ind1=" " ind2=" ">
         <subfield code="a">volume</subfield>
         <subfield code="b">nc</subfield>
         <subfield code="2">rdacarrier</subfield>
      </datafield>
      <datafield tag="490" ind1="1" ind2=" ">
         <subfield code="a">Journal of juristic papyrology. Supplement ;</subfield>
         <subfield code="v">XXVIII</subfield>
      </datafield>
      <datafield tag="500" ind1=" " ind2=" ">
         <subfield code="a">Proceedings of conference held in Warsaw, Poland from July 29-August 3, 2013.</subfield>
      </datafield>
      <datafield tag="504" ind1=" " ind2=" ">
         <subfield code="a">Includes bibliographical references.</subfield>
      </datafield>
      <datafield tag="546" ind1=" " ind2=" ">
         <subfield code="a">Contributions in English, Italian, German, or French.</subfield>
      </datafield>
      <datafield tag="505" ind1="0" ind2="0">
         <subfield code="g">Volume One.</subfield>
         <subfield code="t">Literary Papyri : Texts and Studies.</subfield>
         <subfield code="g">Opening Lecture.</subfield>
         <subfield code="t">Illegitimacy in Roman and Late Antique Egypt /</subfield>
         <subfield code="r">Roger S.Bagnall.</subfield>
         <subfield code="g">Section One.</subfield>
         <subfield code="t">Poetry.</subfield>
         <subfield code="t">Contribution of the new papyri to the history of Hesiod's text /</subfield>
         <subfield code="r">José Antonio Fernández Delgado --</subfield>
         <subfield code="t">Theseus' and Pirithous' catabasis in P. Ibscher col. I (Hes. fr. 280 Merkelbach-West = Minyas fr. 7 Bernabé) /</subfield>
         <subfield code="r">Marco Antonio Santamaría Álvarez --</subfield>
         <subfield code="t">A new reconstruction of Sappho 44 (P. Oxy. X 1232 + P. Oxy. XVII 2076) /</subfield>
         <subfield code="r">C. Michael Sampson --</subfield>
         <subfield code="t">Anacreonte, Poetae Melici Graeci 346/1, fr. 1, 1-12: Uno scherzo sull'erõs del potere politico /</subfield>
         <subfield code="r">Benedetto Bravo --</subfield>
         <subfield code="t">A new look at the Würzburg Phoenissae commentary /</subfield>
         <subfield code="r">Kathleen McNamee --</subfield>
         <subfield code="t">P. Berol. 5514 re-examined : textual and exegetical problemsin Euripides, Melanippe desmotis, fr. 495 Kannicht /</subfield>
         <subfield code="r">Fjodor Montemurro --</subfield>
         <subfield code="t">How to serve a giant fish? Pap. Duk. F 1984.7 = Adesp. Com.1146 K. A.: Some textual problems /</subfield>
         <subfield code="r">Krystyna Bartol --</subfield>
         <subfield code="t">Note sul lessico della rhesis di Panfile (Men., Epitr. 801-835) /</subfield>
         <subfield code="r">Angelo Casanova --</subfield>
         <subfield code="t">P. Heid. G 310A revisited : Hellenistic sotadeans, hexameters, and more? /</subfield>
         <subfield code="r">Jan Kwapisz --</subfield>
         <subfield code="t">A Hellenistic astronomical poem from Oxyrhynchus /</subfield>
         <subfield code="r">Marco Perale --</subfield>
         <subfield code="t">Juvenal in Antinoë : Palaeographic and contextual observations on P. Ant. s.n. /</subfield>
         <subfield code="r">Gabriel Nocchi Macedo.</subfield>
         <subfield code="g">Section Two.</subfield>
         <subfield code="t">Prose.</subfield>
         <subfield code="t">Frammenti delle Historiae di Tucidide su rotoli riutilizzati: uno studio bibliologico e paleografico /</subfield>
         <subfield code="r">Natascia Pellé --</subfield>
         <subfield code="t">P. Mich. inv. 918 e la tradizione della terza Filippica di Demostene /</subfield>
         <subfield code="r">Francesca De Robertis --</subfield>
         <subfield code="t">Esegesi demostenica su papiro : P. Lit. Lond. 179 [MP3 307] /</subfield>
         <subfield code="r">Rosa Otranto --</subfield>
         <subfield code="t">The Parthenope's novel : P. Berol. 7927 + 9588 + 21179 revisited /</subfield>
         <subfield code="r">María Paz López Martínez, Consuelo Ruiz Montero --</subfield>
         <subfield code="t">New light on P. Strasb. Gr. 1406-1409 : An early witness of Secundus' sentences /</subfield>
         <subfield code="r">Giuseppe Ucciardello --</subfield>
      </datafield>
      <datafield tag="505" ind1="8" ind2="0">
         <subfield code="t">Le cri d'une victime de la tyrannie : La théâtralisation des débats dans les Acta Appiani /</subfield>
         <subfield code="r">Chris Rodriguez --</subfield>
         <subfield code="t">Acta Appiani : Gerüchte über den kaiserlichen Hof in Alexandria /</subfield>
         <subfield code="r">Natalia Vega Navarrete.</subfield>
         <subfield code="g">Section Three.</subfield>
         <subfield code="t">Herculaneum Papyri.</subfield>
         <subfield code="t">Towards a comprehensive edition of the evidence for pre-socratic philosophy in the Herculaneum papyri /</subfield>
         <subfield code="r">Christian Vassallo --</subfield>
         <subfield code="t">L'edizione di Epicuro, Sulla natura, libro II /</subfield>
         <subfield code="r">Giuliana Leone --</subfield>
         <subfield code="t">P. Herc. 454: Una "scorza" di Epicuro, Sulla natura XXV (P. Herc.1420/1056) /</subfield>
         <subfield code="r">Aurora Corti --</subfield>
         <subfield code="t">P. Herc. 1020 (Stoici scriptoris anonymi opus incertum) : Condizioni fisiche, aspetti bibliologici e storia editoriale /</subfield>
         <subfield code="r">Michele Alessandrelli, Graziano Ranocchia --</subfield>
         <subfield code="t">Nuovi frammenti del De adulatione di Filodemo (P. Herc. 1092) /</subfield>
         <subfield code="r">Mario Capasso --</subfield>
         <subfield code="t">Contributo al testo del P. Herc. 1423 (Filodemo, Retorica, libro IV) /</subfield>
         <subfield code="r">Mariacristina Fimiani --</subfield>
         <subfield code="t">P. Herc. 1004 ([Filodemo], [Sulla retorica], libro incerto) : Condizioni fisiche, descrizione bibliologica e storia degli studi /</subfield>
         <subfield code="r">Graziano Ranocchia --</subfield>
         <subfield code="t">Segni di interpunzione e di correzione nel P. Herc. 1004 (Filodemo, Retorica VII) /</subfield>
         <subfield code="r">Matilde Fiorillo --</subfield>
         <subfield code="t">Il P. Herc. 1471 (Filodemo, La libertà di parola) nelle carte Vogliano /</subfield>
         <subfield code="r">Giovanni Indelli, Francesca Longo Auricchio --</subfield>
         <subfield code="t">New readings in Philodemus' Index Academicorum : Dio of Alexandria (P. Herc. 1021, col. XXXV, 17-19) /</subfield>
         <subfield code="r">Kilian Fleischer --</subfield>
         <subfield code="t">La reconstruction du P. Herc. Paris. 2, Philodème, [La Calomnie]: Quelques nouveautés textuelles /</subfield>
         <subfield code="r">Daniel Delattre, Joëlle Delattre-Biencourt, Annick Monet, Agathe Antoni --</subfield>
         <subfield code="t">"Aristarchus X" and Philodemus : Digital linguistic analysis of a Herculanean text corpus /</subfield>
         <subfield code="r">Holger Essler, Daniel Riaño Rufilanchas --</subfield>
         <subfield code="t">Verso una nuova edizione del P. Herc. 188 (Demetrio Lacone,Sulla poesia I) : Storia del papiro ed indentificazione degli avversari /</subfield>
         <subfield code="r">Michael McOsker --</subfield>
      </datafield>
      <datafield tag="505" ind1="8" ind2="0">
         <subfield code="t">Osservazioni preliminari sul P. Herc. 124 /</subfield>
         <subfield code="r">Antonio Parisi --</subfield>
         <subfield code="t">Il titolo del P. Herc. 1005 /</subfield>
         <subfield code="r">Gianluca Del Mastro.</subfield>
         <subfield code="g">Section Four.</subfield>
         <subfield code="t">Christian Literary Papyri.</subfield>
         <subfield code="t">The "Alexandrian world chronicle" : Place in the late antique chronical traditions, date, and historical implications /</subfield>
         <subfield code="r">Jitse H.F. Dijkstra --</subfield>
         <subfield code="t">I papiri greci dell'Asceticon dell'abate Isaia /</subfield>
         <subfield code="r">Marco Stroppa --</subfield>
         <subfield code="t">P. Duke Inv. 766 : Le plus ancien témoin papyrologique d'un canon poétique liturgique /</subfield>
         <subfield code="r">Alan Gampel, Céline Grassien.</subfield>
      </datafield>
      <datafield tag="505" ind1="8" ind2="0">
         <subfield code="g">Volume Two.</subfield>
         <subfield code="t">Subliterary Papyri, Documentary Papyri, Scribal Practices, Linguistic Matters.</subfield>
         <subfield code="g">Section Five.</subfield>
         <subfield code="t">Popular Literature, Medicine, Magic, Letters.</subfield>
         <subfield code="t">Page of an oracle book : Papyrus Kellis 96.150 /</subfield>
         <subfield code="r">Francisca A. J. Hoogendijk --</subfield>
         <subfield code="t">P.Oxy. XXXI 2607 re-edited : A Greek oneirocriticon from Roman Egypt /</subfield>
         <subfield code="r">Luigi Prada --</subfield>
         <subfield code="t">P.Ryl. III 530 and the Latin commentaries to the Hippocratic aphorisms /</subfield>
         <subfield code="r">Ann Ellis Hanson --</subfield>
         <subfield code="t">Between text and context : P. Oslo II 54 reconsidered /</subfield>
         <subfield code="r">Isabella Bonati --</subfield>
         <subfield code="t">Inventaire et typologie des listes grecques et latines de produits pharmaceutiques /</subfield>
         <subfield code="r">Antonio Ricciardetto --</subfield>
         <subfield code="t">Magical discourses, ritual collections : Cultural trends and private interests in Egyptian handbooks and archives /</subfield>
         <subfield code="r">Korshi Dosoo --</subfield>
         <subfield code="t">Legibility in the Greek magical papyri : The treatment of formulae in PGM IV /</subfield>
         <subfield code="r">Rachel Yuen-Collingridge --</subfield>
         <subfield code="t">Die Handhabung magischer Schriftamulette im römischen Ägypten /</subfield>
         <subfield code="r">Laura Willer --</subfield>
         <subfield code="t">A Christian amulet containing a doxology with sketches onthe back /</subfield>
         <subfield code="r">Lincoln H. Blumell --</subfield>
         <subfield code="t">The Sethian context to a Coptic handbook of ritual power (= P. Macquarie I) /</subfield>
         <subfield code="r">Iain Gardner --</subfield>
         <subfield code="t">Du texte littéraire au document : Les connexionsentre les papyrus littéraires et documentaires grecs et latins /</subfield>
         <subfield code="r">Marie-Hélène Marganne --</subfield>
         <subfield code="t">On the other side of the dialogue : letters addressed to women from Roman Egypt /</subfield>
         <subfield code="r">Amaia Goñi Zabalegui --</subfield>
         <subfield code="t">Handshifts in letters /</subfield>
         <subfield code="r">Antonia Sarri.</subfield>
      </datafield>
      <datafield tag="505" ind1="8" ind2="0">
         <subfield code="g">Section Six.</subfield>
         <subfield code="t">Collections of Papryi.</subfield>
         <subfield code="t">Archives d'Apa Sabinos dans le fonds copte de la Sorbonne /</subfield>
         <subfield code="r">María Jesús Albarrán Martínez --</subfield>
         <subfield code="t">Papiri della collezione dell'Università Cattolica di Milano provenienti dalla Grande Oasi /</subfield>
         <subfield code="r">Carla Balconi --</subfield>
         <subfield code="t">Papyri in Paris : The Greek papyrus collection in the Bibliothèque nationale de France /</subfield>
         <subfield code="r">Katherine Blouin --</subfield>
         <subfield code="t">Demotic texts from Leipzig /</subfield>
         <subfield code="r">Franziska Naether --</subfield>
         <subfield code="t">D'Apollonopolis Magna à Varsovie : Regard sur les textes démotiques d'Edfou dans les collections olonaises /</subfield>
         <subfield code="r">Déborah Vignot-Kott.</subfield>
         <subfield code="g">Section Seven.</subfield>
         <subfield code="t">Greek and Latin Papyri and Ostraca : New and Revisited Texts.</subfield>
         <subfield code="t">BKT IX 158 revisited : An extract from judicial proceedings rather than a prose fragment /</subfield>
         <subfield code="r">Panagiota Sarischouli --</subfield>
         <subfield code="t">Un type méconnu de document administratif militaire : la demande de versement de frumentum praeteritum (O. Claud. inv. 7235 et ChLA XVIII 662) /</subfield>
         <subfield code="r">Hélène Cuvigny --</subfield>
         <subfield code="t">PSI inv. 1816 : Una lettera privata in scrittura libraria /</subfield>
         <subfield code="r">Eleonora Angela Conti --</subfield>
         <subfield code="t">Two unpublished documents from the Coptic Museum in Cairo /</subfield>
         <subfield code="r">Alia Hanafi --</subfield>
         <subfield code="t">A boule-papyrus from Karanis /</subfield>
         <subfield code="r">Fatma E. Hamouda --</subfield>
         <subfield code="t">Three Greek ostraca from the Egyptian Museum in Cairo /</subfield>
         <subfield code="r">Shareen A. Aly --</subfield>
         <subfield code="t">The Gerontios-Archive : A sub-archive to the Abinnaeus-Archive? /</subfield>
         <subfield code="r">Nadine Quenouille --</subfield>
         <subfield code="t">Le monastère de Dorothée dans la montagne d'Antinoopolis /</subfield>
         <subfield code="r">Anne Boud'hors, Jean Gascou --</subfield>
         <subfield code="t">Ten new documents from the archive of the elaiourgoi of Aphrodite (O. Cairo Museum S.R. 18953) /</subfield>
         <subfield code="r">Seham D. A. Aish, Noha A. Salem.</subfield>
      </datafield>
      <datafield tag="505" ind1="8" ind2="0">
         <subfield code="g">Section Eight.</subfield>
         <subfield code="t">Coptic Papyri and Ostraca.</subfield>
         <subfield code="t">Apprendre à lire et à écrire : deux documents coptes revisités /</subfield>
         <subfield code="r">Anne Boud'hors --</subfield>
         <subfield code="t">The ostraca of Victor the priest found in the hermitage MMA 1152 /</subfield>
         <subfield code="r">Esther Garel --</subfield>
         <subfield code="t">Coptic documents in two copies: A study of corrections and amendments /</subfield>
         <subfield code="r">Jennifer Cromwell.</subfield>
         <subfield code="g">Section Nine.</subfield>
         <subfield code="t">Arabic Papyri.</subfield>
         <subfield code="t">Half a sale contract or an unknown type of document? Going deeper into P. Cair. EgLib. inv. 885 verso /</subfield>
         <subfield code="r">Ursula Bsees --</subfield>
         <subfield code="t">An Arabic horoscope on parchment with a square diagram for AD 1002 (P. Vind. inv. A. Perg. 236) /</subfield>
         <subfield code="r">Johannes Thomann.</subfield>
         <subfield code="g">Section Ten.</subfield>
         <subfield code="t">Anatomy of a Text, Bibliological Matters.</subfield>
         <subfield code="t">Use and reuse of papyrus rolls and scraps : Some bibliological matters /</subfield>
         <subfield code="r">Francesca Maltomini --</subfield>
         <subfield code="t">Scriptio plena vs. élision dans les papyrus littéraires : Les papyrus ptolémaïques avec des textes poétiques /</subfield>
         <subfield code="r">Francisca Pordomingo --</subfield>
         <subfield code="t">Titles and markers of poem-end in the papyri of Greek choral lyric /</subfield>
         <subfield code="r">Enrico Emanuele Prodi --</subfield>
         <subfield code="t">Title, ἀρχή, ὑπόθεσις : Notes on the heading and arrangement of the tragic hypotheses on papyrus /</subfield>
         <subfield code="r">Chiara Meccariello --</subfield>
         <subfield code="t">Sistemi di correzione nei papiri letterari greco-egizi : Considerazioni preliminari /</subfield>
         <subfield code="r">Chiara Martis --</subfield>
         <subfield code="t">P. Oxy. LXIV 4405 : An early witness to a system of textual division at Oxyrhynchus /</subfield>
         <subfield code="r">Thomas A. Wayment, Michael R. Trotter --</subfield>
         <subfield code="t">Symboles et abréviations chrétiens dans les papyrus littéraires grecs à contenu profane (IVe-VIIe siècles) /</subfield>
         <subfield code="r">Nathan Carlig.</subfield>
      </datafield>
      <datafield tag="505" ind1="8" ind2="0">
         <subfield code="g">Section Eleven.</subfield>
         <subfield code="t">Language, Vocabulary, and Onomastics.</subfield>
         <subfield code="t">Egyptian transfer elements in the Greek of Narmouthis ostraka /</subfield>
         <subfield code="r">Sonja Dahlgren --</subfield>
         <subfield code="t">Multilingualism in Christian Nubia : A case study of the monastery of Ghazali (Wadi Abu Dom, Sudan) /</subfield>
         <subfield code="r">Grzegorz Ochała --</subfield>
         <subfield code="t">Coniugare nell'una e nell'altra lingua : Sondaggi delle flessioni verbali greco-latine su papiro /</subfield>
         <subfield code="r">Maria Chiara Scappaticcio --</subfield>
         <subfield code="t">Dative and genitive case interchange in Greek papyri /</subfield>
         <subfield code="r">Joanne Vera Stolk --</subfield>
         <subfield code="t">Μονόσκορδον (PGM IV 2209) /</subfield>
         <subfield code="r">Elena Martín González --</subfield>
         <subfield code="t">Les noms bibliques des Juifs dans l'Égypte hellénistique /</subfield>
         <subfield code="r">Zsuzsanna Szántó.</subfield>
      </datafield>
      <datafield tag="505" ind1="8" ind2="0">
         <subfield code="g">Volume Three.</subfield>
         <subfield code="t">Studying Papyri.</subfield>
         <subfield code="g">Section Twelve.</subfield>
         <subfield code="t">History of Papyrology, New Papyrological Tools.</subfield>
         <subfield code="t">Wilckens Briefe an britische Kollegen /</subfield>
         <subfield code="r">Holger Essler --</subfield>
         <subfield code="t">Charles Wessely à la "Semaine Égyptologique" de Bruxelles /</subfield>
         <subfield code="r">Alain Martin --</subfield>
         <subfield code="t">Topography of Egypt online /</subfield>
         <subfield code="r">Herbert Verreth --</subfield>
         <subfield code="t">Die Berliner Papyrusdatenbank (BerlPap) /</subfield>
         <subfield code="r">Marius Gerhardt --</subfield>
         <subfield code="t">La culture matérielle dans les papyrus : une nouvelle entreprise lexicographique /</subfield>
         <subfield code="r">Jean-Luc Fournet, Simona Russo --</subfield>
         <subfield code="t">Data processing and state management in Late Ptolemaic and Roman Egypt : The project "Synopsis" and the archive of Menches /</subfield>
         <subfield code="r">Nicola Reggiani.</subfield>
         <subfield code="g">Section Thirteen.</subfield>
         <subfield code="t">Papyrology and Archaeology.</subfield>
         <subfield code="t">Ostraka and stratigraphy at Amheida (Dakhla Oasis, Egypt) : A methodological issue /</subfield>
         <subfield code="r">Rodney Ast, Paola Davoli --</subfield>
         <subfield code="t">Nuovi ritrovamenti di papiri e ostraka a Soknopaiou Nesos (2010-2012) /</subfield>
         <subfield code="r">Mario Capasso --</subfield>
         <subfield code="t">Two new texts from Oxyrhynchus : Archaeology and papyrology on the site /</subfield>
         <subfield code="r">Alberto Nodar --</subfield>
         <subfield code="t">Archaeological and papyrological inquiry at Karanis : Problems and potentialities /</subfield>
         <subfield code="r">Thomas Landvatter --</subfield>
         <subfield code="t">Ogetti iscritti appartenenti alla collezione dell'Istituto Papirologico "G. Vitelli" /</subfield>
         <subfield code="r">Giovanna Menci --</subfield>
         <subfield code="t">La papyrologie à la rencontre de l'archéologie : Le lexique des mobiliers d'éclairage /</subfield>
         <subfield code="r">Maria Mossakowska-Gaubert.</subfield>
      </datafield>
      <datafield tag="505" ind1="8" ind2="0">
         <subfield code="g">Section Fourteen : Juristic Papyrology.</subfield>
         <subfield code="t">Judean legal reasoning in P.Polit. Iud. 3-5 : A research report /</subfield>
         <subfield code="r">Rob Kugler --</subfield>
         <subfield code="t">Noch einmal zum Erfahrungsprofil des Apostels Paulus aus rechtshistorischer Sicht /</subfield>
         <subfield code="r">Joachim Hengstl --</subfield>
         <subfield code="t">The new complete edition of P. Haun. De legatis et fideicommissis : Some remarks /</subfield>
         <subfield code="r">Fara Nasti.</subfield>
         <subfield code="g">Section Fifteen.</subfield>
         <subfield code="t">Hellenistic Egypt.</subfield>
         <subfield code="t">Queens' wealth /</subfield>
         <subfield code="r">Lucia Criscuolo --</subfield>
         <subfield code="t">Harvest taxes on cleruchic land in the third century BC /</subfield>
         <subfield code="r">Andrew Monson --</subfield>
         <subfield code="t">Boats and skippers in the service of Apollonios the dioiketes especially in Zenon's Alexandrian years (261-256 BC) /</subfield>
         <subfield code="r">Hans Hauben --</subfield>
         <subfield code="t">Les Égyptiens dans les forces armées de terre et de mer sous les trois premiers Lagides /</subfield>
         <subfield code="r">Christelle Fischer-Bovet --</subfield>
         <subfield code="t">The meaning of the word πολíτευµα in the light of the Judaeo-Hellenistic literature /</subfield>
         <subfield code="r">Patrick Sänger --</subfield>
         <subfield code="t">Amtsdauer und -nachfolge von Eklogistai vom ausgehenden ersten Jh. v.u.Z. an in Ägypten /</subfield>
         <subfield code="r">Christian-Jürgen Gruber.</subfield>
         <subfield code="g">Section Sixteen.</subfield>
         <subfield code="t">Roman Egypt.</subfield>
         <subfield code="t">C. Calpurnius Proculus and an example of Greek stenography under Augustus /</subfield>
         <subfield code="r">Livia Capponi --</subfield>
         <subfield code="t">Contracts and people in early Roman Tebtunis : A complex affair /</subfield>
         <subfield code="r">Micaela Langellotti --</subfield>
         <subfield code="t">Comptes du temple de Soknopaios à Dimé à l'époque romaine /</subfield>
         <subfield code="r">Marie-Pierre Chaufray --</subfield>
         <subfield code="t">Double greetings in P. Brem. 5 and some other remarks on Hadrian's Egypt /</subfield>
         <subfield code="r">Adam Łukaszewicz --</subfield>
         <subfield code="t">Zu den Kompetenzen des administrativen Hilfspersonals der enchorischen Beamten in der römischen Kaiserzeit /</subfield>
         <subfield code="r">Thomas Kruse.</subfield>
      </datafield>
      <datafield tag="505" ind1="8" ind2="0">
         <subfield code="g">Section Seventeen.</subfield>
         <subfield code="t">Late Antique Egypt.</subfield>
         <subfield code="t">Taxes and people : Transactions and misuses in the Late Roman and Early Byzantine Egypt /</subfield>
         <subfield code="r">Miroslava Mirković --</subfield>
         <subfield code="t">Who was who in the aristocracy of Byzantine Oxyrhynchus /</subfield>
         <subfield code="r">Usama A. Gad --</subfield>
         <subfield code="t">Die Topoteretai im spätantiken und früharabischen Ägypten /</subfield>
         <subfield code="r">Alexandra Jesenko --</subfield>
         <subfield code="t">Polizeiliche Erzwingungs- und Verwaltungsstäbeim spätantiken Ägypten /</subfield>
         <subfield code="r">Karin Maurer, Sven Tost --</subfield>
         <subfield code="t">Welche Gefängnisse kontrolliert der Pagarch? /</subfield>
         <subfield code="r">Matthias Stern --</subfield>
         <subfield code="t">L'irrigation des terres du village d'Aphroditê à l'époque byzantine /</subfield>
         <subfield code="r">Isabelle Marthot.</subfield>
         <subfield code="g">Section Eighteen.</subfield>
         <subfield code="t">Living in Egypt in Graeco-Roman Times.</subfield>
         <subfield code="t">Decisional practices of private associations in Ptolemaic and Early Roman Egypt /</subfield>
         <subfield code="r">Mario C. D. Paganini --</subfield>
         <subfield code="t">Le navire kerkouros, une galère marchande fluviomaritime? Pour une contribution à l'étude de la mobilité commerciale sur le Nil /</subfield>
         <subfield code="r">Lucia Rossi --</subfield>
         <subfield code="t">Import of luxury goods in the light of the papyri of the Roman period /</subfield>
         <subfield code="r">Isabella Andorlini --</subfield>
         <subfield code="t">Laissez-passers in the light of documentary evidence from Mons Claudianus AD 98-117 /</subfield>
         <subfield code="r">Yousry Deyab --</subfield>
         <subfield code="t">Antinoopolis by land and river /</subfield>
         <subfield code="r">Myrto Malouta --</subfield>
         <subfield code="t">Where was Psenharpsenêsis? /</subfield>
         <subfield code="r">Eman Aly Selim --</subfield>
         <subfield code="t">Who hides behind the god Djeme? /</subfield>
         <subfield code="r">Claudia Tirel Cena --</subfield>
         <subfield code="t">Where is the party? /</subfield>
         <subfield code="r">Rasha Hussein el-Mofatch.</subfield>
         <subfield code="g">Section Nineteen.</subfield>
         <subfield code="t">Arabia and Beyond.</subfield>
         <subfield code="t">From carbonized papyri to the Monastery of Saint Aaron at Petra : The "last will" of Mr. Obodianos (P. Petra Inv. 6A) /</subfield>
         <subfield code="r">Jaakko Frösén --</subfield>
         <subfield code="t">The division of landed property in P. Petra 17 /</subfield>
         <subfield code="r">Jorma Kaimio --</subfield>
         <subfield code="t">New discoveries of documentary texts from Bactria : Political and cultural change, administrative continuity /</subfield>
         <subfield code="r">Rachel Mairs.</subfield>
      </datafield>
      <datafield tag="650" ind1=" " ind2="0">
         <subfield code="a">Manuscripts (Papyri)</subfield>
         <subfield code="v">Congresses.</subfield>
      </datafield>
      <datafield tag="651" ind1=" " ind2="0">
         <subfield code="a">Egypt</subfield>
         <subfield code="x">Antiquities</subfield>
         <subfield code="v">Congresses.</subfield>
      </datafield>
      <datafield tag="700" ind1="1" ind2=" ">
         <subfield code="a">Derda, Tomasz,</subfield>
         <subfield code="e">editor.</subfield>
      </datafield>
      <datafield tag="700" ind1="1" ind2=" ">
         <subfield code="a">Łajtar, Adam,</subfield>
         <subfield code="e">editor.</subfield>
      </datafield>
      <datafield tag="700" ind1="1" ind2=" ">
         <subfield code="a">Urbanik, Jakub,</subfield>
         <subfield code="e">editor.</subfield>
      </datafield>
      <datafield tag="700" ind1="1" ind2=" ">
         <subfield code="a">Mirończuk, Andrzej,</subfield>
         <subfield code="e">editor.</subfield>
      </datafield>
      <datafield tag="700" ind1="1" ind2=" ">
         <subfield code="a">Ochała, Grzegorz,</subfield>
         <subfield code="e">editor.</subfield>
      </datafield>
      <datafield tag="830" ind1=" " ind2="0">
         <subfield code="a">Journal of juristic papyrology.</subfield>
         <subfield code="p">Supplement ;</subfield>
         <subfield code="v">28.</subfield>
      </datafield>
      <datafield tag="880" ind1="8" ind2="0">
         <subfield code="9"/>
         <subfield code="t">A Christian amulet containing a doxology with sketches onthe back /</subfield>
         <subfield code="r">Lincoln H. Blumell --</subfield>
         <subfield code="t">The Sethian context to a Coptic handbook of ritual power (= P. Macquarie I) /</subfield>
         <subfield code="r">Iain Gardner --</subfield>
         <subfield code="t">Du texte littéraire au document : Les connexionsentre les papyrus littéraires et documentaires grecs et latins /</subfield>
         <subfield code="r">Marie-Hélène Marganne --</subfield>
         <subfield code="t">On the other side of the dialogue : letters addressed to women from Roman Egypt /</subfield>
         <subfield code="r">Amaia Goñi Zabalegui --</subfield>
         <subfield code="t">Handshifts in letters /</subfield>
         <subfield code="r">Antonia Sarri.</subfield>
         <subfield code="g">Section Six.</subfield>
         <subfield code="t">Collections of Papryi.</subfield>
         <subfield code="t">Archives d'Apa Sabinos dans le fonds copte de la Sorbonne /</subfield>
         <subfield code="r">María Jesús Albarrán Martínez --</subfield>
         <subfield code="t">Papiri della collezione dell'Università Cattolica di Milano provenienti dalla Grande Oasi /</subfield>
         <subfield code="r">Carla Balconi --</subfield>
         <subfield code="t">Papyri in Paris : The Greek papyrus collection in the Bibliothèque nationale de France /</subfield>
         <subfield code="r">Katherine Blouin --</subfield>
         <subfield code="t">Demotic texts from Leipzig /</subfield>
         <subfield code="r">Franziska Naether --</subfield>
      </datafield>
      <datafield tag="880" ind1="8" ind2="0">
         <subfield code="9"/>
         <subfield code="t">D'Apollonopolis Magna à Varsovie : Regard sur les textes démotiques d'Edfou dans les collections olonaises /</subfield>
         <subfield code="r">Déborah Vignot-Kott.</subfield>
         <subfield code="g">Section Seven.</subfield>
         <subfield code="t">Greek and Latin Papyri and Ostraca : New and Revisited Texts.</subfield>
         <subfield code="t">BKT IX 158 revisited : An extract from judicial proceedings rather than a prose fragment /</subfield>
         <subfield code="r">Panagiota Sarischouli --</subfield>
         <subfield code="t">Un type méconnu de document administratif militaire : la demande de versement de frumentum praeteritum (O. Claud. inv. 7235 et ChLA XVIII 662) /</subfield>
         <subfield code="r">Hélène Cuvigny --</subfield>
         <subfield code="t">PSI inv. 1816 : Una lettera privata in scrittura libraria /</subfield>
         <subfield code="r">Eleonora Angela Conti --</subfield>
         <subfield code="t">Two unpublished documents from the Coptic Museum in Cairo /</subfield>
         <subfield code="r">Alia Hanafi --</subfield>
         <subfield code="t">A boule-papyrus from Karanis /</subfield>
         <subfield code="r">Fatma E. Hamouda --</subfield>
         <subfield code="t">Three Greek ostraca from the Egyptian Museum in Cairo /</subfield>
         <subfield code="r">Shareen A. Aly --</subfield>
         <subfield code="t">The Gerontios-Archive : A sub-archive to the Abinnaeus-Archive? /</subfield>
         <subfield code="r">Nadine Quenouille --</subfield>
         <subfield code="t">Le monastère de Dorothée dans la montagne d'Antinoopolis /</subfield>
         <subfield code="r">Anne Boud'hors, Jean Gascou --</subfield>
      </datafield>
      <datafield tag="880" ind1="8" ind2="0">
         <subfield code="9"/>
         <subfield code="t">Ten new documents from the archive of the elaiourgoi of Aphrodite (O. Cairo Museum S.R. 18953) /</subfield>
         <subfield code="r">Seham D. A. Aish, Noha A. Salem.</subfield>
         <subfield code="g">Section Eight.</subfield>
         <subfield code="t">Coptic Papyri and Ostraca.</subfield>
         <subfield code="t">Apprendre à lire et à écrire : deux documents coptes revisités /</subfield>
         <subfield code="r">Anne Boud'hors --</subfield>
         <subfield code="t">The ostraca of Victor the priest found in the hermitage MMA 1152 /</subfield>
         <subfield code="r">Esther Garel --</subfield>
         <subfield code="t">Coptic documents in two copies: A study of corrections and amendments /</subfield>
         <subfield code="r">Jennifer Cromwell.</subfield>
         <subfield code="g">Section Nine.</subfield>
         <subfield code="t">Arabic Papyri.</subfield>
         <subfield code="t">Half a sale contract or an unknown type of document? Going deeper into P. Cair. EgLib. inv. 885 verso /</subfield>
         <subfield code="r">Ursula Bsees --</subfield>
         <subfield code="t">An Arabic horoscope on parchment with a square diagram for AD 1002 (P. Vind. inv. A. Perg. 236) /</subfield>
         <subfield code="r">Johannes Thomann.</subfield>
         <subfield code="g">Section Ten.</subfield>
         <subfield code="t">Anatomy of a Text, Bibliological Matters.</subfield>
         <subfield code="t">Use and reuse of papyrus rolls and scraps : Some bibliological matters /</subfield>
         <subfield code="r">Francesca Maltomini --</subfield>
      </datafield>
      <datafield tag="880" ind1="8" ind2="0">
         <subfield code="9"/>
         <subfield code="t">Scriptio plena vs. élision dans les papyrus littéraires : Les papyrus ptolémaïques avec des textes poétiques /</subfield>
         <subfield code="r">Francisca Pordomingo --</subfield>
         <subfield code="t">Titles and markers of poem-end in the papyri of Greek choral lyric /</subfield>
         <subfield code="r">Enrico Emanuele Prodi --</subfield>
         <subfield code="t">Title,</subfield>
      </datafield>
      <datafield tag="880" ind1="8" ind2="0">
         <subfield code="9"/>
         <subfield code="t">Multilingualism in Christian Nubia : A case study of the monastery of Ghazali (Wadi Abu Dom, Sudan) /</subfield>
         <subfield code="r">Grzegorz Ochała --</subfield>
         <subfield code="t">Coniugare nell'una e nell'altra lingua : Sondaggi delle flessioni verbali greco-latine su papiro /</subfield>
         <subfield code="r">Maria Chiara Scappaticcio --</subfield>
         <subfield code="t">Dative and genitive case interchange in Greek papyri /</subfield>
         <subfield code="r">Joanne Vera Stolk --</subfield>
         <subfield code="t">Μον</subfield>
      </datafield>
      <datafield tag="880" ind1="8" ind2="0">
         <subfield code="9"/>
         <subfield code="t">Data processing and state management in Late Ptolemaic and Roman Egypt : The project "Synopsis" and the archive of Menches /</subfield>
         <subfield code="r">Nicola Reggiani.</subfield>
         <subfield code="g">Section Thirteen.</subfield>
         <subfield code="t">Papyrology and Archaeology.</subfield>
         <subfield code="t">Ostraka and stratigraphy at Amheida (Dakhla Oasis, Egypt) : A methodological issue /</subfield>
         <subfield code="r">Rodney Ast, Paola Davoli --</subfield>
         <subfield code="t">Nuovi ritrovamenti di papiri e ostraka a Soknopaiou Nesos (2010-2012) /</subfield>
         <subfield code="r">Mario Capasso --</subfield>
         <subfield code="t">Two new texts from Oxyrhynchus : Archaeology and papyrology on the site /</subfield>
         <subfield code="r">Alberto Nodar --</subfield>
         <subfield code="t">Archaeological and papyrological inquiry at Karanis : Problems and potentialities /</subfield>
         <subfield code="r">Thomas Landvatter --</subfield>
         <subfield code="t">Ogetti iscritti appartenenti alla collezione dell'Istituto Papirologico "G. Vitelli" /</subfield>
         <subfield code="r">Giovanna Menci --</subfield>
         <subfield code="t">La papyrologie à la rencontre de l'archéologie : Le lexique des mobiliers d'éclairage /</subfield>
         <subfield code="r">Maria Mossakowska-Gaubert.</subfield>
         <subfield code="g">Section Fourteen : Juristic Papyrology.</subfield>
         <subfield code="t">Judean legal reasoning in P.Polit. Iud. 3-5 : A research report /</subfield>
         <subfield code="r">Rob Kugler --</subfield>
      </datafield>
      <datafield tag="880" ind1="8" ind2="0">
         <subfield code="9"/>
         <subfield code="t">Noch einmal zum Erfahrungsprofil des Apostels Paulus aus rechtshistorischer Sicht /</subfield>
         <subfield code="r">Joachim Hengstl --</subfield>
         <subfield code="t">The new complete edition of P. Haun. De legatis et fideicommissis : Some remarks /</subfield>
         <subfield code="r">Fara Nasti.</subfield>
         <subfield code="g">Section Fifteen.</subfield>
         <subfield code="t">Hellenistic Egypt.</subfield>
         <subfield code="t">Queens' wealth /</subfield>
         <subfield code="r">Lucia Criscuolo --</subfield>
         <subfield code="t">Harvest taxes on cleruchic land in the third century BC /</subfield>
         <subfield code="r">Andrew Monson --</subfield>
         <subfield code="t">Boats and skippers in the service of Apollonios the dioiketes especially in Zenon's Alexandrian years (261-256 BC) /</subfield>
         <subfield code="r">Hans Hauben --</subfield>
         <subfield code="t">Les Égyptiens dans les forces armées de terre et de mer sous les trois premiers Lagides /</subfield>
         <subfield code="r">Christelle Fischer-Bovet --</subfield>
         <subfield code="t">The meaning of the word πολíτευ</subfield>
      </datafield>
      <datafield tag="880" ind1="8" ind2="0">
         <subfield code="9"/>
         <subfield code="r">Livia Capponi --</subfield>
         <subfield code="t">Contracts and people in early Roman Tebtunis : A complex affair /</subfield>
         <subfield code="r">Micaela Langellotti --</subfield>
         <subfield code="t">Comptes du temple de Soknopaios à Dimé à l'époque romaine /</subfield>
         <subfield code="r">Marie-Pierre Chaufray --</subfield>
         <subfield code="t">Double greetings in P. Brem. 5 and some other remarks on Hadrian's Egypt /</subfield>
         <subfield code="r">Adam Łukaszewicz --</subfield>
         <subfield code="t">Zu den Kompetenzen des administrativen Hilfspersonals der enchorischen Beamten in der römischen Kaiserzeit /</subfield>
         <subfield code="r">Thomas Kruse.</subfield>
         <subfield code="g">Section Seventeen.</subfield>
         <subfield code="t">Late Antique Egypt.</subfield>
         <subfield code="t">Taxes and people : Transactions and misuses in the Late Roman and Early Byzantine Egypt /</subfield>
         <subfield code="r">Miroslava Mirkovic</subfield>
      </datafield>
      <datafield tag="880" ind1="8" ind2="0">
         <subfield code="9"/>
         <subfield code="t">L'irrigation des terres du village d'Aphroditê à l'époque byzantine /</subfield>
         <subfield code="r">Isabelle Marthot.</subfield>
         <subfield code="g">Section Eighteen.</subfield>
         <subfield code="t">Living in Egypt in Graeco-Roman Times.</subfield>
         <subfield code="t">Decisional practices of private associations in Ptolemaic and Early Roman Egypt /</subfield>
         <subfield code="r">Mario C. D. Paganini --</subfield>
         <subfield code="t">Le navire kerkouros, une galère marchande fluviomaritime? Pour une contribution à l'étude de la mobilité commerciale sur le Nil /</subfield>
         <subfield code="r">Lucia Rossi --</subfield>
         <subfield code="t">Import of luxury goods in the light of the papyri of the Roman period /</subfield>
         <subfield code="r">Isabella Andorlini --</subfield>
         <subfield code="t">Laissez-passers in the light of documentary evidence from Mons Claudianus AD 98-117 /</subfield>
         <subfield code="r">Yousry Deyab --</subfield>
         <subfield code="t">Antinoopolis by land and river /</subfield>
         <subfield code="r">Myrto Malouta --</subfield>
         <subfield code="t">Where was Psenharpsenêsis? /</subfield>
         <subfield code="r">Eman Aly Selim --</subfield>
         <subfield code="t">Who hides behind the god Djeme? /</subfield>
         <subfield code="r">Claudia Tirel Cena --</subfield>
         <subfield code="t">Where is the party? /</subfield>
         <subfield code="r">Rasha Hussein el-Mofatch.</subfield>
         <subfield code="g">Section Nineteen.</subfield>
         <subfield code="t">Arabia and Beyond.</subfield>
      </datafield>
      <datafield tag="880" ind1="8" ind2="0">
         <subfield code="9"/>
         <subfield code="t">From carbonized papyri to the Monastery of Saint Aaron at Petra : The "last will" of Mr. Obodianos (P. Petra Inv. 6A) /</subfield>
         <subfield code="r">Jaakko Frösén --</subfield>
         <subfield code="t">The division of landed property in P. Petra 17 /</subfield>
         <subfield code="r">Jorma Kaimio --</subfield>
         <subfield code="t">New discoveries of documentary texts from Bactria : Political and cultural change, administrative continuity /</subfield>
         <subfield code="r">Rachel Mairs.</subfield>
      </datafield>
      <datafield tag="994" ind1=" " ind2=" ">
         <subfield code="a">Z0</subfield>
         <subfield code="b">ZYU</subfield>
      </datafield>
      <datafield tag="OWN" ind1=" " ind2=" ">
         <subfield code="a">GENERAL</subfield>
      </datafield>
      <datafield tag="AVA" ind1=" " ind2=" ">
         <subfield code="a">NYU50</subfield>
         <subfield code="b">NISAW</subfield>
         <subfield code="c">Small Collection</subfield>
         <subfield code="d">PA3339 .I5 2013 Non-circulating</subfield>
         <subfield code="e">available</subfield>
         <subfield code="t">Available</subfield>
         <subfield code="f">3</subfield>
         <subfield code="g">0</subfield>
         <subfield code="h">Y</subfield>
         <subfield code="i">0</subfield>
         <subfield code="j">SMALL</subfield>
         <subfield code="k">0</subfield>
      </datafield>
      <marc:datafield tag="852" ind1=" " ind2=" ">
         <marc:subfield code="b">Institute for the Study of the Ancient World, </marc:subfield>
         <marc:subfield code="c">Small Collection</marc:subfield>
         <marc:subfield code="e">15 East 84th St., </marc:subfield>
         <marc:subfield code="e">New York, NY  10028</marc:subfield>
      </marc:datafield>
   </record>