
  
  
  
  
  
  
  
 
  
  <record xsi:schemaLocation="http://www.loc.gov/MARC21/slim http://www.loc.gov/standards/marcxml/schema/MARC21slim.xsd">
      <leader>00000cam a2200601 a 4500</leader>
      <controlfield tag="FMT">BK</controlfield>
      <controlfield tag="LDR">00000cam a2200601 a 4500</controlfield>
      <controlfield tag="001">003360167</controlfield>
      <controlfield tag="003">OCoLC</controlfield>
      <controlfield tag="005">20161208164425.0</controlfield>
      <controlfield tag="008">101129s2008    xr af    b    001 0 eng d</controlfield>
      <datafield tag="010" ind1=" " ind2=" ">
         <subfield code="a">2010549586</subfield>
      </datafield>
      <datafield tag="020" ind1=" " ind2=" ">
         <subfield code="a">9788073081812</subfield>
      </datafield>
      <datafield tag="020" ind1=" " ind2=" ">
         <subfield code="a">8073081814</subfield>
      </datafield>
      <datafield tag="035" ind1=" " ind2=" ">
         <subfield code="a">(OCoLC)613563970</subfield>
      </datafield>
      <datafield tag="040" ind1=" " ind2=" ">
         <subfield code="a">ERASA</subfield>
         <subfield code="b">eng</subfield>
         <subfield code="c">ERASA</subfield>
         <subfield code="d">DLC</subfield>
         <subfield code="d">OHX</subfield>
         <subfield code="d">AZS</subfield>
         <subfield code="d">MEAUC</subfield>
         <subfield code="d">OCLCF</subfield>
         <subfield code="d">S3O</subfield>
         <subfield code="d">OCLCQ</subfield>
         <subfield code="d">ZYU</subfield>
      </datafield>
      <datafield tag="042" ind1=" " ind2=" ">
         <subfield code="a">lccopycat</subfield>
      </datafield>
      <datafield tag="043" ind1=" " ind2=" ">
         <subfield code="a">f-ua---</subfield>
      </datafield>
      <datafield tag="050" ind1="0" ind2="0">
         <subfield code="a">DT73.A14</subfield>
         <subfield code="b">K742 2008</subfield>
      </datafield>
      <datafield tag="050" ind1=" " ind2="4">
         <subfield code="a">DT73.A14</subfield>
         <subfield code="b">A28 v.12</subfield>
      </datafield>
      <datafield tag="082" ind1="0" ind2="4">
         <subfield code="a">932-933</subfield>
      </datafield>
      <datafield tag="090" ind1=" " ind2=" ">
         <subfield code="a">DT73.A14</subfield>
         <subfield code="b">A28 v.12 2008</subfield>
      </datafield>
      <datafield tag="100" ind1="1" ind2=" ">
         <subfield code="a">Krejčí, Jaromír.</subfield>
      </datafield>
      <datafield tag="245" ind1="1" ind2="0">
         <subfield code="a">Abusir XII :</subfield>
         <subfield code="b">minor tombs in the royal necropolis I : (the Mastabas of Nebtyemneferes and Nakhtsare, Pyramid Complex Lepsius no. 24 and Tomb Complex Lepsius no. 25) /</subfield>
         <subfield code="c">Jaromir Krejčí, Vivienne G. Callender, Miroslav Verner ; with contributions by Victor Černý [and others].</subfield>
      </datafield>
      <datafield tag="246" ind1="3" ind2=" ">
         <subfield code="a">Abusir 12</subfield>
      </datafield>
      <datafield tag="246" ind1="3" ind2=" ">
         <subfield code="a">Minor tombs in the royal necropolis I</subfield>
      </datafield>
      <datafield tag="260" ind1=" " ind2=" ">
         <subfield code="a">Prague :</subfield>
         <subfield code="b">Czech Institute of Egyptology,</subfield>
         <subfield code="c">2008.</subfield>
      </datafield>
      <datafield tag="300" ind1=" " ind2=" ">
         <subfield code="a">284 pages, xxxii pages of plates :</subfield>
         <subfield code="b">illustrations (some color) ;</subfield>
         <subfield code="c">30 cm.</subfield>
      </datafield>
      <datafield tag="336" ind1=" " ind2=" ">
         <subfield code="a">text</subfield>
         <subfield code="b">txt</subfield>
         <subfield code="2">rdacontent</subfield>
      </datafield>
      <datafield tag="337" ind1=" " ind2=" ">
         <subfield code="a">unmediated</subfield>
         <subfield code="b">n</subfield>
         <subfield code="2">rdamedia</subfield>
      </datafield>
      <datafield tag="338" ind1=" " ind2=" ">
         <subfield code="a">volume</subfield>
         <subfield code="b">nc</subfield>
         <subfield code="2">rdacarrier</subfield>
      </datafield>
      <datafield tag="490" ind1="1" ind2=" ">
         <subfield code="a">Excavations of the Czech Institute of Egyptology</subfield>
      </datafield>
      <datafield tag="504" ind1=" " ind2=" ">
         <subfield code="a">Includes bibliographical references and indexes.</subfield>
      </datafield>
      <datafield tag="520" ind1="8" ind2=" ">
         <subfield code="a">This monograph presents a report on the results of the archaeological excavations of the Czech Institute of Egyptology undertaken from 1987 until 2004 and held in the area of the Abusir minor tombs clustered around the tombs of the 5th Dynasty kings. The first chapter is devoted to the excavation and description of the mastaba of Nebtyemneferes, a rather enigmatic identity probably a princess who was buried among the tombs of the members of the royal family in the southern part of the Abusir pyramid necropolis. The tomb includes common features of Abusir tombs of the period.</subfield>
      </datafield>
      <datafield tag="505" ind1="0" ind2="0">
         <subfield code="t">The Mastaba of Nebtyemneferes.</subfield>
         <subfield code="t">The superstructure;</subfield>
         <subfield code="t">Substructure /</subfield>
         <subfield code="r">Miroslav Verner --</subfield>
         <subfield code="t">Open courtyard;</subfield>
         <subfield code="t">Finds;</subfield>
         <subfield code="t">Conclusions /</subfield>
         <subfield code="r">Jaromír Krejčí.</subfield>
         <subfield code="t">The Mastaba of Nakhtsare /</subfield>
         <subfield code="r">Jaromír Krejčí.</subfield>
         <subfield code="t">Pyramid Complex Lepsius no. 24.</subfield>
         <subfield code="t">History of exploration of the complex /</subfield>
         <subfield code="r">Miroslav Verner --</subfield>
         <subfield code="t">The location of the pyramid complex Lepsius no.24;</subfield>
         <subfield code="t">Description of the monument;</subfield>
         <subfield code="t">Pyramid complex Lepsius no. 24: remarks on techniques used during its construction /</subfield>
         <subfield code="r">Jaromír Krejčí --</subfield>
         <subfield code="t">Finds /</subfield>
         <subfield code="r">Vivienne Gae Callender --</subfield>
         <subfield code="t">Builders' marks and inscriptions /</subfield>
         <subfield code="r">Miroslav Verner --</subfield>
         <subfield code="t">Conclusions /</subfield>
         <subfield code="r">Jaromír Krejčí.</subfield>
         <subfield code="t">The Tomb Complex Lesius no. 25.</subfield>
         <subfield code="t">Location of the monument;</subfield>
         <subfield code="t">History of exploration of Lepsius no. 25;</subfield>
         <subfield code="t">Description of Lepsius no.25 and its architecture;</subfield>
         <subfield code="t">Finds from Lepsius no. 25/1;</subfield>
         <subfield code="t">Finds from Lepsius no. 25/2 /</subfield>
         <subfield code="r">Jaromír Krejčí -- Fragments of papyrus from Lepsius no. 25 /</subfield>
         <subfield code="r">Hana Vymazalová --</subfield>
         <subfield code="t">Builders' marks /</subfield>
         <subfield code="r">Miroslav Verner --</subfield>
         <subfield code="t">Conclusions /</subfield>
         <subfield code="r">Jaromír Krejčí.</subfield>
         <subfield code="t">Anthropological material.</subfield>
         <subfield code="t">Human skeletal remains from the pyramid complex Lepsius no. 24 and the Mastaba of Nakhtsare /</subfield>
         <subfield code="r">Martina Kujanová --</subfield>
         <subfield code="t">Human remains found in pyramid Lepsius no. 24 and the Mastaba of Nebtyemneferes /</subfield>
         <subfield code="r">Eugen Strouhal, Viktor Černý --</subfield>
         <subfield code="t">Human remains from the tomb complex Lepsius no. 25 /</subfield>
         <subfield code="r">Viktor Černý.</subfield>
         <subfield code="g">Appendix.</subfield>
         <subfield code="t">Stone Vessels from the Cemetery of Members of the Royal Families of Abusir /</subfield>
         <subfield code="r">Vivienne Gae Callender.</subfield>
      </datafield>
      <datafield tag="650" ind1=" " ind2="0">
         <subfield code="a">Tombs</subfield>
         <subfield code="z">Egypt</subfield>
         <subfield code="z">Abu Sir Site (Jīzah)</subfield>
      </datafield>
      <datafield tag="650" ind1=" " ind2="0">
         <subfield code="a">Excavations (Archaeology)</subfield>
         <subfield code="z">Egypt</subfield>
         <subfield code="z">Jīzah.</subfield>
      </datafield>
      <datafield tag="651" ind1=" " ind2="0">
         <subfield code="a">Abu Sir Site (Jīzah, Egypt)</subfield>
      </datafield>
      <datafield tag="651" ind1=" " ind2="0">
         <subfield code="a">Jīzah (Egypt)</subfield>
         <subfield code="x">Antiquities.</subfield>
      </datafield>
      <datafield tag="651" ind1=" " ind2="7">
         <subfield code="a">Abu Sir.</subfield>
         <subfield code="2">pleiades</subfield>
         <subfield code="0">https://pleiades.stoa.org/places/195443086</subfield>
         <subfield code="5">NyNyUAW</subfield>
      </datafield>
      <datafield tag="650" ind1=" " ind2="7">
         <subfield code="a">Antiquities.</subfield>
         <subfield code="2">fast</subfield>
         <subfield code="0">(OCoLC)fst00810745</subfield>
      </datafield>
      <datafield tag="650" ind1=" " ind2="7">
         <subfield code="a">Excavations (Archaeology)</subfield>
         <subfield code="2">fast</subfield>
         <subfield code="0">(OCoLC)fst00917564</subfield>
      </datafield>
      <datafield tag="650" ind1=" " ind2="7">
         <subfield code="a">Tombs.</subfield>
         <subfield code="2">fast</subfield>
         <subfield code="0">(OCoLC)fst01152439</subfield>
      </datafield>
      <datafield tag="651" ind1=" " ind2="7">
         <subfield code="a">Egypt</subfield>
         <subfield code="z">Jīzah.</subfield>
         <subfield code="2">fast</subfield>
         <subfield code="0">(OCoLC)fst01210713</subfield>
      </datafield>
      <datafield tag="651" ind1=" " ind2="7">
         <subfield code="a">Egypt</subfield>
         <subfield code="z">Jīzah</subfield>
         <subfield code="z">Abu Sir Site.</subfield>
         <subfield code="2">fast</subfield>
         <subfield code="0">(OCoLC)fst01714235</subfield>
      </datafield>
      <datafield tag="650" ind1=" " ind2="7">
         <subfield code="a">Gravar</subfield>
         <subfield code="z">Egypten</subfield>
         <subfield code="z">Abu Sir Site (Jīzah)</subfield>
         <subfield code="2">sao</subfield>
      </datafield>
      <datafield tag="650" ind1=" " ind2="7">
         <subfield code="a">Utgrävningar</subfield>
         <subfield code="z">Egypten</subfield>
         <subfield code="z">Abu Sir Site (Jīzah)</subfield>
         <subfield code="2">sao</subfield>
      </datafield>
      <datafield tag="700" ind1="1" ind2=" ">
         <subfield code="a">Callender, Vivienne G.</subfield>
      </datafield>
      <datafield tag="700" ind1="1" ind2=" ">
         <subfield code="a">Verner, Miroslav.</subfield>
      </datafield>
      <datafield tag="700" ind1="1" ind2=" ">
         <subfield code="a">Černý, Viktor.</subfield>
      </datafield>
      <datafield tag="830" ind1=" " ind2="0">
         <subfield code="a">Excavations of the Czech Institute of Egyptology.</subfield>
      </datafield>
      <datafield tag="OWN" ind1=" " ind2=" ">
         <subfield code="a">GENERAL</subfield>
      </datafield>
      <datafield tag="AVA" ind1=" " ind2=" ">
         <subfield code="a">NYU50</subfield>
         <subfield code="b">NIFA</subfield>
         <subfield code="c">Egyptian</subfield>
         <subfield code="d">DT73.A14 K742 2008 Non-circulating</subfield>
         <subfield code="e">available</subfield>
         <subfield code="t">Available</subfield>
         <subfield code="f">1</subfield>
         <subfield code="g">0</subfield>
         <subfield code="h">N</subfield>
         <subfield code="i">0</subfield>
         <subfield code="j">EGYPT</subfield>
         <subfield code="k">0</subfield>
      </datafield>
      <datafield tag="AVA" ind1=" " ind2=" ">
         <subfield code="a">NYU50</subfield>
         <subfield code="b">NISAW</subfield>
         <subfield code="c">Large Collection</subfield>
         <subfield code="d">DT73.A14 A28 v.12 2008 Non-circulating</subfield>
         <subfield code="e">available</subfield>
         <subfield code="t">Available</subfield>
         <subfield code="f">1</subfield>
         <subfield code="g">0</subfield>
         <subfield code="h">N</subfield>
         <subfield code="i">0</subfield>
         <subfield code="j">LARGE</subfield>
         <subfield code="k">0</subfield>
      </datafield>
      <marc:datafield tag="852" ind1=" " ind2=" ">
         <marc:subfield code="b">Institute for the Study of the Ancient World, </marc:subfield>
         <marc:subfield code="c">Large Collection</marc:subfield>
         <marc:subfield code="e">15 East 84th St., </marc:subfield>
         <marc:subfield code="e">New York, NY  10028</marc:subfield>
      </marc:datafield>
   </record>