
  
  
  
  
  
  
  
  
  
 
  
  <record xsi:schemaLocation="http://www.loc.gov/MARC21/slim http://www.loc.gov/standards/marcxml/schema/MARC21slim.xsd">
      <leader>00000cam a2200685Ia 4500</leader>
      <controlfield tag="FMT">BK</controlfield>
      <controlfield tag="LDR">00000cam a2200685Ia 4500</controlfield>
      <controlfield tag="001">004487018</controlfield>
      <controlfield tag="003">OCoLC</controlfield>
      <controlfield tag="005">20161004123621.0</controlfield>
      <controlfield tag="008">161004s2009    xr a     b    001 0 eng d</controlfield>
      <datafield tag="020" ind1=" " ind2=" ">
         <subfield code="a">9788073082550</subfield>
      </datafield>
      <datafield tag="020" ind1=" " ind2=" ">
         <subfield code="a">8073082551</subfield>
      </datafield>
      <datafield tag="035" ind1=" " ind2=" ">
         <subfield code="a">(OCoLC)666246560</subfield>
      </datafield>
      <datafield tag="040" ind1=" " ind2=" ">
         <subfield code="a">BTCTA</subfield>
         <subfield code="b">eng</subfield>
         <subfield code="c">BTCTA</subfield>
         <subfield code="d">YDXCP</subfield>
         <subfield code="d">BWX</subfield>
         <subfield code="d">TXA</subfield>
         <subfield code="d">OHX</subfield>
         <subfield code="d">MEAUC</subfield>
         <subfield code="d">OCLCQ</subfield>
         <subfield code="d">OCLCF</subfield>
         <subfield code="d">CHVBK</subfield>
         <subfield code="d">S3O</subfield>
         <subfield code="d">NNU</subfield>
      </datafield>
      <datafield tag="043" ind1=" " ind2=" ">
         <subfield code="a">f-ua---</subfield>
      </datafield>
      <datafield tag="050" ind1=" " ind2="4">
         <subfield code="a">DT73.A14</subfield>
         <subfield code="b">E4 2009</subfield>
      </datafield>
      <datafield tag="082" ind1="0" ind2="4">
         <subfield code="a">932</subfield>
         <subfield code="2">22/swe</subfield>
      </datafield>
      <datafield tag="090" ind1=" " ind2=" ">
         <subfield code="a">DT73.A14</subfield>
         <subfield code="b">A28 v.16 2009</subfield>
      </datafield>
      <datafield tag="100" ind1="1" ind2=" ">
         <subfield code="a">El Awady, Tarek.</subfield>
      </datafield>
      <datafield tag="245" ind1="1" ind2="0">
         <subfield code="a">Abusir XVI :</subfield>
         <subfield code="b">Sahure--the pyramid causeway : history and decoration program in the Old Kingdom /</subfield>
         <subfield code="c">Tarek El Awady.</subfield>
      </datafield>
      <datafield tag="246" ind1="1" ind2="0">
         <subfield code="a">Sahure--the pyramid causeway :</subfield>
         <subfield code="b">history and decoration program in the Old Kingdom</subfield>
      </datafield>
      <datafield tag="246" ind1="3" ind2=" ">
         <subfield code="a">Abusir 16</subfield>
      </datafield>
      <datafield tag="260" ind1=" " ind2=" ">
         <subfield code="a">Prague :</subfield>
         <subfield code="b">Charles University in Prague,</subfield>
         <subfield code="c">2009.</subfield>
      </datafield>
      <datafield tag="300" ind1=" " ind2=" ">
         <subfield code="a">xxii, 264 pages :</subfield>
         <subfield code="b">illustrations ;</subfield>
         <subfield code="c">30 cm +</subfield>
         <subfield code="e">13 folded sheets (14 plates ; 59 x 84 cm folded to 30 x 21 cm)</subfield>
      </datafield>
      <datafield tag="336" ind1=" " ind2=" ">
         <subfield code="a">text</subfield>
         <subfield code="b">txt</subfield>
         <subfield code="2">rdacontent</subfield>
      </datafield>
      <datafield tag="336" ind1=" " ind2=" ">
         <subfield code="a">still image</subfield>
         <subfield code="b">sti</subfield>
         <subfield code="2">rdacontent</subfield>
      </datafield>
      <datafield tag="337" ind1=" " ind2=" ">
         <subfield code="a">unmediated</subfield>
         <subfield code="b">n</subfield>
         <subfield code="2">rdamedia</subfield>
      </datafield>
      <datafield tag="338" ind1=" " ind2=" ">
         <subfield code="a">volume</subfield>
         <subfield code="b">nc</subfield>
         <subfield code="2">rdacarrier</subfield>
      </datafield>
      <datafield tag="500" ind1=" " ind2=" ">
         <subfield code="a">"Excavations of the Supreme Council of Antiquities, Egypt."</subfield>
      </datafield>
      <datafield tag="500" ind1=" " ind2=" ">
         <subfield code="a">"Czech Institute of Egyptology."--Page 4 of cover.</subfield>
      </datafield>
      <datafield tag="500" ind1=" " ind2=" ">
         <subfield code="a">Issued in slipcase.</subfield>
      </datafield>
      <datafield tag="504" ind1=" " ind2=" ">
         <subfield code="a">Includes bibliographical references and index.</subfield>
      </datafield>
      <datafield tag="505" ind1="0" ind2="0">
         <subfield code="g">[text volume].</subfield>
         <subfield code="g">ch. 1.</subfield>
         <subfield code="t">Introduction --</subfield>
         <subfield code="g">ch. 2.</subfield>
         <subfield code="t">Old Kingdom royal mortuary complexes --</subfield>
         <subfield code="g">ch. 3.</subfield>
         <subfield code="t">Royal relief program in the Old Kingdom --</subfield>
         <subfield code="g">ch. 4.</subfield>
         <subfield code="t">Causeways of the Old Kingdom royal mortuary complexes --</subfield>
         <subfield code="g">ch. 5.</subfield>
         <subfield code="t">Sahure's causeway --</subfield>
         <subfield code="g">ch. 6.</subfield>
         <subfield code="t">Typology of the newly discovered scenes --</subfield>
         <subfield code="g">Excursus 1.</subfield>
         <subfield code="t">Old Kingdom royal boats --</subfield>
         <subfield code="g">Excursus 2.</subfield>
         <subfield code="t">The royal family of Sahure --</subfield>
         <subfield code="g">Excursus 3.</subfield>
         <subfield code="t">The 'nd trees of Punt.</subfield>
         <subfield code="g">[plates].</subfield>
         <subfield code="g">pl. 1.</subfield>
         <subfield code="t">King Sahure maneuvering the sail --</subfield>
         <subfield code="g">pl. 2.</subfield>
         <subfield code="t">The escort boats --</subfield>
         <subfield code="g">pl. 3.</subfield>
         <subfield code="t">The scort boats --</subfield>
         <subfield code="g">pl. 4.</subfield>
         <subfield code="t">The escort boats --</subfield>
         <subfield code="g">pl. 5.</subfield>
         <subfield code="t">The arrival of Sahure's expedition from Punt --</subfield>
         <subfield code="g">pl. 6.</subfield>
         <subfield code="t">Sahure celebrating the brining of the 'nd trees --</subfield>
         <subfield code="g">pl. 7.</subfield>
         <subfield code="t">Rewarding the members of Sahure's expedition to Punt --</subfield>
         <subfield code="g">pl. 8.</subfield>
         <subfield code="t">Rewarding the members of Sahure's expedition to Punt --</subfield>
         <subfield code="g">pl. 9.</subfield>
         <subfield code="t">Processions of the pyramidion and the funerary furniture --</subfield>
         <subfield code="g">pl. 10.</subfield>
         <subfield code="t">Processions of the pyramidion and the funerary furniture --</subfield>
         <subfield code="g">pl. 11.</subfield>
         <subfield code="t">Processions of the pyramidion and the funerary furniture --</subfield>
         <subfield code="g">pl. 12.</subfield>
         <subfield code="t">Military exercises and training of Sahure's nautical crews --</subfield>
         <subfield code="g">pl. 13.</subfield>
         <subfield code="t">King Sahure fowling with clap nets --</subfield>
         <subfield code="g">pl. 14.</subfield>
         <subfield code="t">King Sahure fowling with clap nets.</subfield>
      </datafield>
      <datafield tag="650" ind1=" " ind2="0">
         <subfield code="a">Excavations (Archaeology)</subfield>
         <subfield code="z">Egypt</subfield>
         <subfield code="z">Abu Sir Site (Jīzah)</subfield>
      </datafield>
      <datafield tag="600" ind1="0" ind2="0">
         <subfield code="a">Sahure,</subfield>
         <subfield code="c">King of Egypt</subfield>
         <subfield code="x">Tomb.</subfield>
      </datafield>
      <datafield tag="650" ind1=" " ind2="0">
         <subfield code="a">Relief (Sculpture), Egyptian</subfield>
         <subfield code="z">Egypt</subfield>
         <subfield code="z">Abu Sir Site (Jīzah)</subfield>
      </datafield>
      <datafield tag="650" ind1=" " ind2="0">
         <subfield code="a">Inscriptions, Egyptian</subfield>
         <subfield code="z">Egypt</subfield>
         <subfield code="z">Abu Sir Site (Jīzah)</subfield>
      </datafield>
      <datafield tag="650" ind1=" " ind2="0">
         <subfield code="a">Pyramids</subfield>
         <subfield code="z">Egypt</subfield>
         <subfield code="z">Abu Sir Site (Jīzah)</subfield>
      </datafield>
      <datafield tag="651" ind1=" " ind2="0">
         <subfield code="a">Abu Sir Site (Jīzah, Egypt)</subfield>
      </datafield>
      <datafield tag="651" ind1=" " ind2="0">
         <subfield code="a">Jīzah (Egypt)</subfield>
         <subfield code="x">Antiquities.</subfield>
      </datafield>
      <datafield tag="600" ind1="0" ind2="7">
         <subfield code="a">Sahure,</subfield>
         <subfield code="c">King of Egypt.</subfield>
         <subfield code="2">fast</subfield>
         <subfield code="0">(OCoLC)fst00125844</subfield>
      </datafield>
      <datafield tag="650" ind1=" " ind2="7">
         <subfield code="a">Antiquities.</subfield>
         <subfield code="2">fast</subfield>
         <subfield code="0">(OCoLC)fst00810745</subfield>
      </datafield>
      <datafield tag="650" ind1=" " ind2="7">
         <subfield code="a">Excavations (Archaeology)</subfield>
         <subfield code="2">fast</subfield>
         <subfield code="0">(OCoLC)fst00917564</subfield>
      </datafield>
      <datafield tag="650" ind1=" " ind2="7">
         <subfield code="a">Relief (Sculpture), Egyptian.</subfield>
         <subfield code="2">fast</subfield>
         <subfield code="0">(OCoLC)fst01093700</subfield>
      </datafield>
      <datafield tag="650" ind1=" " ind2="7">
         <subfield code="a">Tombs.</subfield>
         <subfield code="2">fast</subfield>
         <subfield code="0">(OCoLC)fst01152439</subfield>
      </datafield>
      <datafield tag="651" ind1=" " ind2="7">
         <subfield code="a">Egypt</subfield>
         <subfield code="z">Jīzah.</subfield>
         <subfield code="2">fast</subfield>
         <subfield code="0">(OCoLC)fst01210713</subfield>
      </datafield>
      <datafield tag="651" ind1=" " ind2="7">
         <subfield code="a">Egypt</subfield>
         <subfield code="z">Jīzah</subfield>
         <subfield code="z">Abu Sir Site.</subfield>
         <subfield code="2">fast</subfield>
         <subfield code="0">(OCoLC)fst01714235</subfield>
      </datafield>
      <datafield tag="710" ind1="2" ind2=" ">
         <subfield code="a">Český egyptologický ústav.</subfield>
      </datafield>
      <datafield tag="710" ind1="2" ind2=" ">
         <subfield code="a">Majlis al-Aʻlá lil-Āthār (Egypt)</subfield>
      </datafield>
      <datafield tag="994" ind1=" " ind2=" ">
         <subfield code="a">Z0</subfield>
         <subfield code="b">ZYU</subfield>
      </datafield>
      <datafield tag="OWN" ind1=" " ind2=" ">
         <subfield code="a">GENERAL</subfield>
      </datafield>
      <datafield tag="AVA" ind1=" " ind2=" ">
         <subfield code="a">NYU50</subfield>
         <subfield code="b">NISAW</subfield>
         <subfield code="c">Large Collection</subfield>
         <subfield code="d">DT73.A14 A28 v.16 2009 Non-circulating</subfield>
         <subfield code="e">available</subfield>
         <subfield code="t">Available</subfield>
         <subfield code="f">2</subfield>
         <subfield code="g">0</subfield>
         <subfield code="h">Y</subfield>
         <subfield code="i">0</subfield>
         <subfield code="j">LARGE</subfield>
         <subfield code="k">0</subfield>
      </datafield>
      <marc:datafield tag="852" ind1=" " ind2=" ">
         <marc:subfield code="b">Institute for the Study of the Ancient World, </marc:subfield>
         <marc:subfield code="c">Large Collection</marc:subfield>
         <marc:subfield code="e">15 East 84th St., </marc:subfield>
         <marc:subfield code="e">New York, NY  10028</marc:subfield>
      </marc:datafield>
   </record>