
  
  
  
  
  
  
  
  
 
  
  <record xsi:schemaLocation="http://www.loc.gov/MARC21/slim http://www.loc.gov/standards/marcxml/schema/MARC21slim.xsd">
      <leader>00000cam a2200601Ia 4500</leader>
      <controlfield tag="FMT">BK</controlfield>
      <controlfield tag="LDR">00000cam a2200601Ia 4500</controlfield>
      <controlfield tag="001">004487015</controlfield>
      <controlfield tag="003">OCoLC</controlfield>
      <controlfield tag="005">20161101121755.0</controlfield>
      <controlfield tag="008">030714s2002    xr a     b    001 0 eng d</controlfield>
      <datafield tag="020" ind1=" " ind2=" ">
         <subfield code="a">8086277224</subfield>
      </datafield>
      <datafield tag="020" ind1=" " ind2=" ">
         <subfield code="a">9788086277226</subfield>
      </datafield>
      <datafield tag="035" ind1=" " ind2=" ">
         <subfield code="a">(OCoLC)52605859</subfield>
         <subfield code="z">(OCoLC)491503159</subfield>
      </datafield>
      <datafield tag="040" ind1=" " ind2=" ">
         <subfield code="a">EMU</subfield>
         <subfield code="b">eng</subfield>
         <subfield code="c">EMU</subfield>
         <subfield code="d">C@R</subfield>
         <subfield code="d">OCLCQ</subfield>
         <subfield code="d">OCL</subfield>
         <subfield code="d">LGP</subfield>
         <subfield code="d">YDXCP</subfield>
         <subfield code="d">OCLCQ</subfield>
         <subfield code="d">OCLCO</subfield>
         <subfield code="d">ZYU</subfield>
      </datafield>
      <datafield tag="043" ind1=" " ind2=" ">
         <subfield code="a">f-ua---</subfield>
      </datafield>
      <datafield tag="050" ind1=" " ind2="4">
         <subfield code="a">DT73.A14</subfield>
         <subfield code="b">V46 2002</subfield>
      </datafield>
      <datafield tag="090" ind1=" " ind2=" ">
         <subfield code="a">DT73.A14</subfield>
         <subfield code="b">A28 v.6 2002</subfield>
      </datafield>
      <datafield tag="100" ind1="1" ind2=" ">
         <subfield code="a">Verner, Miroslav.</subfield>
      </datafield>
      <datafield tag="245" ind1="1" ind2="0">
         <subfield code="a">Abusir VI :</subfield>
         <subfield code="b">Djedkare's family cemetery /</subfield>
         <subfield code="c">Miroslav Verner, Vivienne G. Callender ; with a contribution by Eugen Strouhal.</subfield>
      </datafield>
      <datafield tag="246" ind1="3" ind2=" ">
         <subfield code="a">Abusir 6</subfield>
      </datafield>
      <datafield tag="246" ind1="3" ind2=" ">
         <subfield code="a">Djedkare's family cemetery</subfield>
      </datafield>
      <datafield tag="250" ind1=" " ind2=" ">
         <subfield code="a">1st ed.</subfield>
      </datafield>
      <datafield tag="260" ind1=" " ind2=" ">
         <subfield code="a">Prague :</subfield>
         <subfield code="b">Czech Institute of Egyptology, Faculty of Arts, Charles University,</subfield>
         <subfield code="c">2002.</subfield>
      </datafield>
      <datafield tag="300" ind1=" " ind2=" ">
         <subfield code="a">163 pages :</subfield>
         <subfield code="b">illustrations ;</subfield>
         <subfield code="c">31 cm.</subfield>
      </datafield>
      <datafield tag="336" ind1=" " ind2=" ">
         <subfield code="a">text</subfield>
         <subfield code="b">txt</subfield>
         <subfield code="2">rdacontent</subfield>
      </datafield>
      <datafield tag="336" ind1=" " ind2=" ">
         <subfield code="a">still image</subfield>
         <subfield code="b">sti</subfield>
         <subfield code="2">rdacontent</subfield>
      </datafield>
      <datafield tag="337" ind1=" " ind2=" ">
         <subfield code="a">unmediated</subfield>
         <subfield code="b">n</subfield>
         <subfield code="2">rdamedia</subfield>
      </datafield>
      <datafield tag="338" ind1=" " ind2=" ">
         <subfield code="a">volume</subfield>
         <subfield code="b">nc</subfield>
         <subfield code="2">rdacarrier</subfield>
      </datafield>
      <datafield tag="490" ind1="1" ind2=" ">
         <subfield code="a">Excavations of the Czech Institute of Egyptology.</subfield>
      </datafield>
      <datafield tag="504" ind1=" " ind2=" ">
         <subfield code="a">Includes bibliographical references (pages 7-10) and index.</subfield>
      </datafield>
      <datafield tag="505" ind1="0" ind2="0">
         <subfield code="t">The Mastaba of Khekeretnebty (B) /</subfield>
         <subfield code="r">Miroslav Verner --</subfield>
         <subfield code="t">The Mastaba of Neserkauhor /</subfield>
         <subfield code="r">Miroslav Verner --</subfield>
         <subfield code="t">The Mastaba of Faaf (good name Idu) and Khenit (D) /</subfield>
         <subfield code="r">Miroslav Verner --</subfield>
         <subfield code="t">The Mastaba of Mernefu (E) /</subfield>
         <subfield code="r">Miroslav Verner --</subfield>
         <subfield code="t">Complex of funerary cult structures (F) /</subfield>
         <subfield code="r">Miroslav Verner --</subfield>
         <subfield code="t">The Mastaba of Hedjetnebu (K) /</subfield>
         <subfield code="r">Miroslav Verner --</subfield>
         <subfield code="t">The anonymous mastaba (L) /</subfield>
         <subfield code="r">Miroslav Verner --</subfield>
         <subfield code="t">The chronology of Djedkare's family cemetery at Abusir /</subfield>
         <subfield code="r">Miroslav Verner --</subfield>
         <subfield code="t">The typology of the tombs in Djedkare's family cemetary /</subfield>
         <subfield code="r">Miroslav Verner --</subfield>
         <subfield code="t">The anthropolical evaluation of human skeletal remains from the mastabas of Djedkare Isesi's family cemetery at Abusir /</subfield>
         <subfield code="r">Eugen Strouhal.</subfield>
         <subfield code="g">Excursus I.</subfield>
         <subfield code="t">The princesses and their burial companions /</subfield>
         <subfield code="r">Vivienne G. Callender.</subfield>
         <subfield code="g">Excursus II.</subfield>
         <subfield code="t">Obervations on the position of royal daughters in the Old Kingdom /</subfield>
         <subfield code="r">Vivienne G. Callender.</subfield>
      </datafield>
      <datafield tag="650" ind1=" " ind2="0">
         <subfield code="a">Excavations (Archaeology)</subfield>
         <subfield code="z">Egypt</subfield>
         <subfield code="z">Abu Sir Site (Jīzah)</subfield>
      </datafield>
      <datafield tag="650" ind1=" " ind2="0">
         <subfield code="a">Tombs</subfield>
         <subfield code="z">Egypt</subfield>
         <subfield code="z">Abu Sir Site (Jīzah)</subfield>
      </datafield>
      <datafield tag="651" ind1=" " ind2="0">
         <subfield code="a">Egypt</subfield>
         <subfield code="x">Antiquities.</subfield>
      </datafield>
      <datafield tag="651" ind1=" " ind2="0">
         <subfield code="a">Abu Sir Site (Jīzah, Egypt)</subfield>
      </datafield>
      <datafield tag="600" ind1="3" ind2="0">
         <subfield code="a">Djedkare family</subfield>
         <subfield code="x">Tombs.</subfield>
      </datafield>
      <datafield tag="651" ind1=" " ind2="7">
         <subfield code="a">Abu Sir.</subfield>
         <subfield code="2">pleiades</subfield>
         <subfield code="0">https://pleiades.stoa.org/places/195443086</subfield>
         <subfield code="5">NyNyUAW</subfield>
      </datafield>
      <datafield tag="650" ind1="0" ind2="7">
         <subfield code="a">Excavations (Archaeology)</subfield>
         <subfield code="z">Egypt</subfield>
         <subfield code="z">Abusir.</subfield>
         <subfield code="2">czenas</subfield>
      </datafield>
      <datafield tag="650" ind1="0" ind2="7">
         <subfield code="a">Cemeteries</subfield>
         <subfield code="z">Egypt</subfield>
         <subfield code="z">Abusir.</subfield>
         <subfield code="2">czenas</subfield>
      </datafield>
      <datafield tag="651" ind1=" " ind2="7">
         <subfield code="a">Abusir (Egypt)</subfield>
         <subfield code="x">Antiquities.</subfield>
         <subfield code="2">czenas</subfield>
      </datafield>
      <datafield tag="700" ind1="1" ind2=" ">
         <subfield code="a">Callender, Vivienne G.</subfield>
      </datafield>
      <datafield tag="700" ind1="1" ind2=" ">
         <subfield code="a">Strouhal, Evžen,</subfield>
         <subfield code="d">1931-</subfield>
      </datafield>
      <datafield tag="830" ind1=" " ind2="0">
         <subfield code="a">Excavations of the Czech Institute of Egyptology.</subfield>
      </datafield>
      <datafield tag="994" ind1=" " ind2=" ">
         <subfield code="a">Z0</subfield>
         <subfield code="b">ZYU</subfield>
      </datafield>
      <datafield tag="OWN" ind1=" " ind2=" ">
         <subfield code="a">GENERAL</subfield>
      </datafield>
      <datafield tag="AVA" ind1=" " ind2=" ">
         <subfield code="a">NYU50</subfield>
         <subfield code="b">NISAW</subfield>
         <subfield code="c">Large Collection</subfield>
         <subfield code="d">DT73.A14 A28 v.6 2002 Non-circulating</subfield>
         <subfield code="e">available</subfield>
         <subfield code="t">Available</subfield>
         <subfield code="f">1</subfield>
         <subfield code="g">0</subfield>
         <subfield code="h">N</subfield>
         <subfield code="i">0</subfield>
         <subfield code="j">LARGE</subfield>
         <subfield code="k">0</subfield>
      </datafield>
      <marc:datafield tag="852" ind1=" " ind2=" ">
         <marc:subfield code="b">Institute for the Study of the Ancient World, </marc:subfield>
         <marc:subfield code="c">Large Collection</marc:subfield>
         <marc:subfield code="e">15 East 84th St., </marc:subfield>
         <marc:subfield code="e">New York, NY  10028</marc:subfield>
      </marc:datafield>
   </record>