
  
  
  
  
  
  
  
  
  
 
  
  <record xsi:schemaLocation="http://www.loc.gov/MARC21/slim http://www.loc.gov/standards/marcxml/schema/MARC21slim.xsd">
      <leader>00000cas a2200601 a 4500</leader>
      <controlfield tag="FMT">SE</controlfield>
      <controlfield tag="LDR">00000cas a2200601 a 4500</controlfield>
      <controlfield tag="001">004260825</controlfield>
      <controlfield tag="003">OCoLC</controlfield>
      <controlfield tag="005">20160308144132.0</controlfield>
      <controlfield tag="008">160308u1996uuuuru ar         0    0rusoc</controlfield>
      <datafield tag="010" ind1=" " ind2=" ">
         <subfield code="a">2001238709</subfield>
         <subfield code="z">98154969</subfield>
      </datafield>
      <datafield tag="035" ind1=" " ind2=" ">
         <subfield code="a">(OCoLC)42260146</subfield>
         <subfield code="z">(OCoLC)48653629</subfield>
      </datafield>
      <datafield tag="040" ind1=" " ind2=" ">
         <subfield code="a">COO</subfield>
         <subfield code="b">eng</subfield>
         <subfield code="c">COO</subfield>
         <subfield code="d">IUL</subfield>
         <subfield code="d">DLC</subfield>
         <subfield code="d">OCLCQ</subfield>
         <subfield code="d">IUL</subfield>
         <subfield code="d">OCLCO</subfield>
         <subfield code="d">OCLCF</subfield>
         <subfield code="d">NNU</subfield>
      </datafield>
      <datafield tag="042" ind1=" " ind2=" ">
         <subfield code="a">pcc</subfield>
      </datafield>
      <datafield tag="043" ind1=" " ind2=" ">
         <subfield code="a">e-ru---</subfield>
      </datafield>
      <datafield tag="050" ind1="0" ind2="0">
         <subfield code="a">DK511.O75</subfield>
         <subfield code="b">A75</subfield>
      </datafield>
      <datafield tag="066" ind1=" " ind2=" ">
         <subfield code="c">(N</subfield>
      </datafield>
      <datafield tag="245" ind1="0" ind2="0">
         <subfield code="6">880-01</subfield>
         <subfield code="a">Arkheologicheskie pami͡atniki Orenburzhʹi͡a /</subfield>
         <subfield code="c">Ministerstvo obrazovanii͡a Rossiĭskoĭ Federat͡sii, Orenburgskiĭ gosudarstvennyĭ pedagogicheskiĭ institut.</subfield>
      </datafield>
      <datafield tag="260" ind1=" " ind2=" ">
         <subfield code="6">880-02</subfield>
         <subfield code="a">Orenburg :</subfield>
         <subfield code="b">Orenburgskiĭ gosudarstvennyĭ pedagogicheskiĭ institut,</subfield>
         <subfield code="c">1996-</subfield>
      </datafield>
      <datafield tag="300" ind1=" " ind2=" ">
         <subfield code="a">v. :</subfield>
         <subfield code="b">ill., maps ;</subfield>
         <subfield code="c">29 cm.</subfield>
      </datafield>
      <datafield tag="310" ind1=" " ind2=" ">
         <subfield code="a">Annual</subfield>
      </datafield>
      <datafield tag="362" ind1="0" ind2=" ">
         <subfield code="6">880-03</subfield>
         <subfield code="a">[Vyp. 1]-</subfield>
      </datafield>
      <datafield tag="500" ind1=" " ind2=" ">
         <subfield code="a">Publisher varies.</subfield>
      </datafield>
      <datafield tag="515" ind1=" " ind2=" ">
         <subfield code="6">880-04</subfield>
         <subfield code="a">First issue lacks volume numbering which begins with vyp. 2, published in 1998; first issue published in 1996 but bears an imprint date of 1997 on cover.</subfield>
      </datafield>
      <datafield tag="550" ind1=" " ind2=" ">
         <subfield code="6">880-05</subfield>
         <subfield code="a">Issued by: Orenburgskiĭ gosudarstvennyĭ pedagogicheskiĭ institut, 1996; Orenburgskiĭ gosudarstvennyĭ pedagogicheskiĭ universitet, 1998-&lt;2000&gt;</subfield>
      </datafield>
      <datafield tag="588" ind1=" " ind2=" ">
         <subfield code="6">880-06</subfield>
         <subfield code="a">Latest issue consulted: Vyp. 4 (2000).</subfield>
      </datafield>
      <datafield tag="651" ind1=" " ind2="0">
         <subfield code="6">880-07</subfield>
         <subfield code="a">Orenburgskai͡a oblastʹ (Russia)</subfield>
         <subfield code="x">Antiquities</subfield>
         <subfield code="v">Periodicals.</subfield>
      </datafield>
      <datafield tag="650" ind1=" " ind2="0">
         <subfield code="a">Excavations (Archaeology)</subfield>
         <subfield code="z">Russia (Federation)</subfield>
         <subfield code="z">Orenburgskai͡a oblastʹ</subfield>
         <subfield code="v">Periodicals.</subfield>
      </datafield>
      <datafield tag="650" ind1=" " ind2="7">
         <subfield code="a">Antiquities.</subfield>
         <subfield code="2">fast</subfield>
         <subfield code="0">(OCoLC)fst00810745</subfield>
      </datafield>
      <datafield tag="650" ind1=" " ind2="7">
         <subfield code="a">Excavations (Archaeology)</subfield>
         <subfield code="2">fast</subfield>
         <subfield code="0">(OCoLC)fst00917564</subfield>
      </datafield>
      <datafield tag="651" ind1=" " ind2="7">
         <subfield code="a">Russia (Federation)</subfield>
         <subfield code="z">Orenburgskai͡a oblastʹ</subfield>
         <subfield code="2">fast</subfield>
         <subfield code="0">(OCoLC)fst01217085</subfield>
      </datafield>
      <datafield tag="655" ind1=" " ind2="7">
         <subfield code="a">Periodicals.</subfield>
         <subfield code="2">fast</subfield>
         <subfield code="0">(OCoLC)fst01411641</subfield>
      </datafield>
      <datafield tag="710" ind1="2" ind2=" ">
         <subfield code="6">880-08</subfield>
         <subfield code="a">Orenburgskiĭ gosudarstvennyĭ pedagogicheskiĭ institut.</subfield>
      </datafield>
      <datafield tag="710" ind1="2" ind2=" ">
         <subfield code="6">880-09</subfield>
         <subfield code="a">Orenburgskiĭ gosudarstvennyĭ pedagogicheskiĭ universitet.</subfield>
      </datafield>
      <datafield tag="776" ind1="0" ind2="8">
         <subfield code="6">880-10</subfield>
         <subfield code="i">Online version:</subfield>
         <subfield code="t">Arkheologicheskie pami͡atniki Orenburzhʹi͡a</subfield>
         <subfield code="w">(OCoLC)777386124</subfield>
      </datafield>
      <datafield tag="880" ind1="0" ind2="0">
         <subfield code="6">245-01/</subfield>
         <subfield code="a">Археологические памятники Оренбуржья /</subfield>
         <subfield code="c">Министерство образования Российской Федерации, Оренбургский государственный педагогический институт.</subfield>
      </datafield>
      <datafield tag="880" ind1=" " ind2=" ">
         <subfield code="6">260-02/</subfield>
         <subfield code="a">Оренбург :</subfield>
         <subfield code="b">Оренбургский государственный педагогический институт,</subfield>
         <subfield code="c">1996-</subfield>
      </datafield>
      <datafield tag="880" ind1="0" ind2=" ">
         <subfield code="6">362-03/</subfield>
         <subfield code="a">[Вып. 1]-</subfield>
      </datafield>
      <datafield tag="880" ind1=" " ind2=" ">
         <subfield code="6">515-04/</subfield>
         <subfield code="a">First issue lacks volume numbering which begins with вып. 2, published in 1998; first issue published in 1996 but bears an imprint date of 1997 on cover.</subfield>
      </datafield>
      <datafield tag="880" ind1=" " ind2=" ">
         <subfield code="6">550-05/</subfield>
         <subfield code="a">Issued by: Оренбургский государственный педагогический институт, 1996; Оренбургский государственный педагогический университет, 1998-&lt;2000&gt;</subfield>
      </datafield>
      <datafield tag="880" ind1=" " ind2=" ">
         <subfield code="6">588-06/</subfield>
         <subfield code="a">Latest issue consulted: Вып. 4 (2000).</subfield>
      </datafield>
      <datafield tag="880" ind1=" " ind2="0">
         <subfield code="6">651-07/</subfield>
         <subfield code="a">Оренбургская область (Russia)</subfield>
         <subfield code="x">Antiquities</subfield>
         <subfield code="v">Periodicals.</subfield>
      </datafield>
      <datafield tag="880" ind1="2" ind2=" ">
         <subfield code="6">710-08/</subfield>
         <subfield code="a">Оренбургский государственный педагогический институт.</subfield>
      </datafield>
      <datafield tag="880" ind1="2" ind2=" ">
         <subfield code="6">710-09/</subfield>
         <subfield code="a">Оренбургский государственный педагогический университет.</subfield>
      </datafield>
      <datafield tag="880" ind1="0" ind2="8">
         <subfield code="6">776-10/</subfield>
         <subfield code="i">Online version:</subfield>
         <subfield code="t">Археологические памятники Оренбуржья</subfield>
         <subfield code="w">(OCoLC)777386124</subfield>
      </datafield>
      <datafield tag="891" ind1="2" ind2="0">
         <subfield code="9">853</subfield>
         <subfield code="8">1</subfield>
         <subfield code="a">vyp.</subfield>
         <subfield code="i">(year)</subfield>
         <subfield code="w">a</subfield>
      </datafield>
      <datafield tag="891" ind1="4" ind2="1">
         <subfield code="9">863</subfield>
         <subfield code="8">1.1</subfield>
         <subfield code="a">2</subfield>
         <subfield code="i">1998</subfield>
      </datafield>
      <datafield tag="994" ind1=" " ind2=" ">
         <subfield code="a">Z0</subfield>
         <subfield code="b">ZYU</subfield>
      </datafield>
      <datafield tag="OWN" ind1=" " ind2=" ">
         <subfield code="a">GENERAL</subfield>
      </datafield>
      <datafield tag="AVA" ind1=" " ind2=" ">
         <subfield code="a">NYU50</subfield>
         <subfield code="b">NISAW</subfield>
         <subfield code="c">Oak Collection</subfield>
         <subfield code="d">DK511.O75 A75 Non-circulating</subfield>
         <subfield code="e">available</subfield>
         <subfield code="t">Available</subfield>
         <subfield code="f">3</subfield>
         <subfield code="g">0</subfield>
         <subfield code="h">Y</subfield>
         <subfield code="i">0</subfield>
         <subfield code="j">OAK</subfield>
         <subfield code="k">0</subfield>
      </datafield>
      <marc:datafield tag="852" ind1=" " ind2=" ">
         <marc:subfield code="b">Institute for the Study of the Ancient World, </marc:subfield>
         <marc:subfield code="c">Oak Collection</marc:subfield>
         <marc:subfield code="e">15 East 84th St., </marc:subfield>
         <marc:subfield code="e">New York, NY  10028</marc:subfield>
      </marc:datafield>
   </record>