
  
  
  
  
  
  
  
  
 
  
  <record xsi:schemaLocation="http://www.loc.gov/MARC21/slim http://www.loc.gov/standards/marcxml/schema/MARC21slim.xsd">
      <leader>00000cam a22010691  4500</leader>
      <controlfield tag="FMT">BK</controlfield>
      <controlfield tag="LDR">00000cam a22010691  4500</controlfield>
      <controlfield tag="001">002167193</controlfield>
      <controlfield tag="003">OCoLC</controlfield>
      <controlfield tag="005">20161006152300.0</controlfield>
      <controlfield tag="008">910626m19659999enka     b    001 0 engo</controlfield>
      <datafield tag="010" ind1=" " ind2=" ">
         <subfield code="a">65009418</subfield>
      </datafield>
      <datafield tag="015" ind1=" " ind2=" ">
         <subfield code="a">GB6518672</subfield>
         <subfield code="2">bnb</subfield>
      </datafield>
      <datafield tag="016" ind1="7" ind2=" ">
         <subfield code="a">97865</subfield>
         <subfield code="2">DE-101</subfield>
      </datafield>
      <datafield tag="016" ind1="7" ind2=" ">
         <subfield code="a">000747128</subfield>
         <subfield code="2">Uk</subfield>
      </datafield>
      <datafield tag="020" ind1=" " ind2=" ">
         <subfield code="a">9781842173688</subfield>
         <subfield code="q">(hbk. ;</subfield>
         <subfield code="q">v. 3)</subfield>
      </datafield>
      <datafield tag="020" ind1=" " ind2=" ">
         <subfield code="a">1842173685</subfield>
         <subfield code="q">(hbk. ;</subfield>
         <subfield code="q">v. 3)</subfield>
      </datafield>
      <datafield tag="020" ind1=" " ind2=" ">
         <subfield code="a">0862990262</subfield>
         <subfield code="q">(Index to v. 1)</subfield>
      </datafield>
      <datafield tag="020" ind1=" " ind2=" ">
         <subfield code="a">9780862990268</subfield>
         <subfield code="q">(Index to v. 1)</subfield>
      </datafield>
      <datafield tag="020" ind1=" " ind2=" ">
         <subfield code="a">0862997755</subfield>
         <subfield code="q">(v. 2 ;</subfield>
         <subfield code="q">1)</subfield>
      </datafield>
      <datafield tag="020" ind1=" " ind2=" ">
         <subfield code="a">9780862997755</subfield>
         <subfield code="q">(v. 2 ;</subfield>
         <subfield code="q">1)</subfield>
      </datafield>
      <datafield tag="020" ind1=" " ind2=" ">
         <subfield code="a">0862998204</subfield>
         <subfield code="q">(v. 2 ;</subfield>
         <subfield code="q">2)</subfield>
      </datafield>
      <datafield tag="020" ind1=" " ind2=" ">
         <subfield code="a">9780862998202</subfield>
         <subfield code="q">(v. 2 ;</subfield>
         <subfield code="q">2)</subfield>
      </datafield>
      <datafield tag="020" ind1=" " ind2=" ">
         <subfield code="a">0750903198</subfield>
         <subfield code="q">(v. 2 ;</subfield>
         <subfield code="q">5)</subfield>
      </datafield>
      <datafield tag="020" ind1=" " ind2=" ">
         <subfield code="a">0862999359</subfield>
         <subfield code="q">(v. 2, fasc. 3)</subfield>
      </datafield>
      <datafield tag="020" ind1=" " ind2=" ">
         <subfield code="a">9780862999353</subfield>
         <subfield code="q">(v. 2, fasc. 3)</subfield>
      </datafield>
      <datafield tag="020" ind1=" " ind2=" ">
         <subfield code="a">0750900865</subfield>
         <subfield code="q">(v. 2, fasc. 4)</subfield>
      </datafield>
      <datafield tag="020" ind1=" " ind2=" ">
         <subfield code="a">9780750900867</subfield>
         <subfield code="q">(v. 2, fasc. 4)</subfield>
      </datafield>
      <datafield tag="020" ind1=" " ind2=" ">
         <subfield code="a">9780750903196</subfield>
         <subfield code="q">(v. 2 ;</subfield>
         <subfield code="q">5)</subfield>
      </datafield>
      <datafield tag="020" ind1=" " ind2=" ">
         <subfield code="a">0750905360</subfield>
         <subfield code="q">(v. 2 ;</subfield>
         <subfield code="q">6)</subfield>
      </datafield>
      <datafield tag="020" ind1=" " ind2=" ">
         <subfield code="a">9780750905367</subfield>
         <subfield code="q">(v. 2 ;</subfield>
         <subfield code="q">6)</subfield>
      </datafield>
      <datafield tag="020" ind1=" " ind2=" ">
         <subfield code="a">0750907436</subfield>
         <subfield code="q">(v. 2 ;</subfield>
         <subfield code="q">7)</subfield>
      </datafield>
      <datafield tag="020" ind1=" " ind2=" ">
         <subfield code="a">9780750907439</subfield>
         <subfield code="q">(v. 2 ;</subfield>
         <subfield code="q">7)</subfield>
      </datafield>
      <datafield tag="020" ind1=" " ind2=" ">
         <subfield code="a">0750909161</subfield>
         <subfield code="q">(v. 2 ;</subfield>
         <subfield code="q">8)</subfield>
      </datafield>
      <datafield tag="020" ind1=" " ind2=" ">
         <subfield code="a">9780750909167</subfield>
         <subfield code="q">(v. 2 ;</subfield>
         <subfield code="q">8)</subfield>
      </datafield>
      <datafield tag="035" ind1=" " ind2=" ">
         <subfield code="a">(OCoLC)1362930</subfield>
         <subfield code="z">(OCoLC)150783492</subfield>
         <subfield code="z">(OCoLC)277253161</subfield>
         <subfield code="z">(OCoLC)313657343</subfield>
         <subfield code="z">(OCoLC)316490254</subfield>
         <subfield code="z">(OCoLC)321010162</subfield>
      </datafield>
      <datafield tag="040" ind1=" " ind2=" ">
         <subfield code="a">DLC</subfield>
         <subfield code="b">eng</subfield>
         <subfield code="c">DLC</subfield>
         <subfield code="d">CIN</subfield>
         <subfield code="d">HCH</subfield>
         <subfield code="d">IXA</subfield>
         <subfield code="d">UKM</subfield>
         <subfield code="d">MUQ</subfield>
         <subfield code="d">NLGGC</subfield>
         <subfield code="d">BTCTA</subfield>
         <subfield code="d">PUL</subfield>
         <subfield code="d">CUY</subfield>
         <subfield code="d">COO</subfield>
         <subfield code="d">RPY</subfield>
         <subfield code="d">QE2</subfield>
         <subfield code="d">CNTRU</subfield>
         <subfield code="d">YDXCP</subfield>
         <subfield code="d">CDX</subfield>
         <subfield code="d">BWX</subfield>
         <subfield code="d">GBVCP</subfield>
         <subfield code="d">GEBAY</subfield>
         <subfield code="d">TXA</subfield>
         <subfield code="d">KIJ</subfield>
         <subfield code="d">UKMGB</subfield>
         <subfield code="d">OCLCQ</subfield>
         <subfield code="d">OCLCO</subfield>
         <subfield code="d">SHS</subfield>
         <subfield code="d">IL4I4</subfield>
         <subfield code="d">OCLCF</subfield>
         <subfield code="d">OCLCQ</subfield>
         <subfield code="d">OCL</subfield>
         <subfield code="d">ZYU</subfield>
      </datafield>
      <datafield tag="041" ind1="1" ind2=" ">
         <subfield code="a">eng</subfield>
         <subfield code="a">lat</subfield>
         <subfield code="h">lat</subfield>
      </datafield>
      <datafield tag="043" ind1=" " ind2=" ">
         <subfield code="a">e-uk---</subfield>
      </datafield>
      <datafield tag="050" ind1="0" ind2="0">
         <subfield code="a">CN590</subfield>
         <subfield code="b">.C65 1965</subfield>
      </datafield>
      <datafield tag="082" ind1="0" ind2="0">
         <subfield code="a">936.2</subfield>
      </datafield>
      <datafield tag="084" ind1=" " ind2=" ">
         <subfield code="a">15.52</subfield>
         <subfield code="2">bcl</subfield>
      </datafield>
      <datafield tag="100" ind1="1" ind2=" ">
         <subfield code="a">Collingwood, R. G.</subfield>
         <subfield code="q">(Robin George),</subfield>
         <subfield code="d">1889-1943.</subfield>
      </datafield>
      <datafield tag="245" ind1="1" ind2="4">
         <subfield code="a">The Roman inscriptions of Britain /</subfield>
         <subfield code="c">by R.G. Collingwood and R.P. Wright.</subfield>
      </datafield>
      <datafield tag="260" ind1=" " ind2=" ">
         <subfield code="a">Oxford :</subfield>
         <subfield code="b">Clarendon Press,</subfield>
         <subfield code="c">1965-&lt;2009&gt;</subfield>
      </datafield>
      <datafield tag="260" ind1="3" ind2=" ">
         <subfield code="3">2009-</subfield>
         <subfield code="a">Oxford, UK :</subfield>
         <subfield code="b">Oxbow Books.</subfield>
      </datafield>
      <datafield tag="300" ind1=" " ind2=" ">
         <subfield code="a">volumes &lt;1-3 in 11&gt; :</subfield>
         <subfield code="b">illustrations ;</subfield>
         <subfield code="c">29 cm</subfield>
      </datafield>
      <datafield tag="336" ind1=" " ind2=" ">
         <subfield code="a">text</subfield>
         <subfield code="b">txt</subfield>
         <subfield code="2">rdacontent</subfield>
      </datafield>
      <datafield tag="336" ind1=" " ind2=" ">
         <subfield code="a">still image</subfield>
         <subfield code="b">sti</subfield>
         <subfield code="2">rdacontent</subfield>
      </datafield>
      <datafield tag="337" ind1=" " ind2=" ">
         <subfield code="a">unmediated</subfield>
         <subfield code="b">n</subfield>
         <subfield code="2">rdamedia</subfield>
      </datafield>
      <datafield tag="338" ind1=" " ind2=" ">
         <subfield code="a">volume</subfield>
         <subfield code="b">nc</subfield>
         <subfield code="2">rdacarrier</subfield>
      </datafield>
      <datafield tag="500" ind1=" " ind2=" ">
         <subfield code="a">Volume 3 has R.S.O. Tomlin, The late R.P. Wright, M.W.C. Hassall.</subfield>
      </datafield>
      <datafield tag="504" ind1=" " ind2=" ">
         <subfield code="a">Includes bibliographical references (v. 1, pages xix-xxxiii).</subfield>
      </datafield>
      <datafield tag="505" ind1="0" ind2=" ">
         <subfield code="a">v. 1, fasc. 1. Inscriptions on stones / R.G. Collingwood and R.P. Wright (1965) -- Inscriptions on stones. Epigraphic indexes / compiled by Roger Goodburn and Helen Waugh (1983, reprint 1990) -- v. 2, fasc. 1. Instrumentum domesticum (Personal belongings and the like) / edited by S.S. Frere, Margaret Roxan and R.S.O. Tomlin (1990) -- v. 2, fasc. 2. Instrumentum domesticum (Personal belongings and the like) / edited by S.S. Frere and R.S.O. Tomlin (1991) -- v. 2, fasc. 3. Instrumentum domesticum (Personal belongings and the like) / edited by S.S. Frere and R.S.O. Tomlin (1991) -- v. 2, fasc. 4. Instrumentum domesticum (Personal belongings and the like) / edited by S.S. Frere and R.S.O. Tomlin (1992) -- v. 2, fasc. 5. Instrumentum domesticum (Personal belongings and the like) / edited by S.S. Frere and R.S.O. Tomlin (1993) -- v. 2, fasc. 6. Instrumentum domesticum (Personal belongings and the like) / edited by S.S. Frere and R.S.O. Tomlin (1994) -- v. 2, fasc. 7. Instrumentum domesticum (Personal belongings and the like) / edited by S.S. Frere and R.S.O. Tomlin (1995) -- v. 2, fasc. 8. Instrumentum domesticum (Personal belongings and the like) / edited by S.S. Frere and R.S.O. Tomlin (1995). -- v. 3. Inscriptions on stone, found or notified between 1 January 1955 and 31 December 2006 / R.S.O. Tomlin, R.P. Wright, and M.W.C. Hassall (2009).</subfield>
      </datafield>
      <datafield tag="546" ind1=" " ind2=" ">
         <subfield code="a">Text in English; inscriptions in Latin, translated into English.</subfield>
      </datafield>
      <datafield tag="650" ind1=" " ind2="0">
         <subfield code="a">Inscriptions, Latin</subfield>
         <subfield code="z">Great Britain.</subfield>
      </datafield>
      <datafield tag="651" ind1=" " ind2="0">
         <subfield code="a">Great Britain</subfield>
         <subfield code="x">Antiquities, Roman.</subfield>
      </datafield>
      <datafield tag="650" ind1=" " ind2="0">
         <subfield code="a">Romans</subfield>
         <subfield code="z">Great Britain.</subfield>
      </datafield>
      <datafield tag="650" ind1=" " ind2="4">
         <subfield code="a">Inscriptions, Latin</subfield>
         <subfield code="z">England.</subfield>
      </datafield>
      <datafield tag="650" ind1=" " ind2="6">
         <subfield code="a">Inscriptions latines</subfield>
         <subfield code="z">Grande-Bretagne.</subfield>
      </datafield>
      <datafield tag="651" ind1=" " ind2="6">
         <subfield code="a">Grande-Bretagne</subfield>
         <subfield code="x">Antiquités.</subfield>
      </datafield>
      <datafield tag="650" ind1=" " ind2="7">
         <subfield code="a">Romans.</subfield>
         <subfield code="2">fast</subfield>
         <subfield code="0">(OCoLC)fst01100116</subfield>
      </datafield>
      <datafield tag="650" ind1=" " ind2="7">
         <subfield code="a">Classical antiquities.</subfield>
         <subfield code="2">fast</subfield>
         <subfield code="0">(OCoLC)fst00863445</subfield>
      </datafield>
      <datafield tag="650" ind1=" " ind2="7">
         <subfield code="a">Inscriptions, Latin.</subfield>
         <subfield code="2">fast</subfield>
         <subfield code="0">(OCoLC)fst00973901</subfield>
      </datafield>
      <datafield tag="651" ind1=" " ind2="7">
         <subfield code="a">Great Britain.</subfield>
         <subfield code="2">fast</subfield>
         <subfield code="0">(OCoLC)fst01204623</subfield>
      </datafield>
      <datafield tag="650" ind1="1" ind2="7">
         <subfield code="a">Romeinse oudheid.</subfield>
         <subfield code="2">gtt</subfield>
      </datafield>
      <datafield tag="650" ind1="0" ind2="7">
         <subfield code="a">Römerzeit.</subfield>
         <subfield code="2">swd</subfield>
      </datafield>
      <datafield tag="650" ind1="0" ind2="7">
         <subfield code="a">Inschrift.</subfield>
         <subfield code="2">swd</subfield>
      </datafield>
      <datafield tag="650" ind1="0" ind2="7">
         <subfield code="a">Quelle.</subfield>
         <subfield code="2">swd</subfield>
      </datafield>
      <datafield tag="650" ind1="0" ind2="7">
         <subfield code="a">Inventar.</subfield>
         <subfield code="2">swd</subfield>
      </datafield>
      <datafield tag="651" ind1=" " ind2="7">
         <subfield code="a">England.</subfield>
         <subfield code="2">swd</subfield>
      </datafield>
      <datafield tag="651" ind1=" " ind2="7">
         <subfield code="a">Britannien.</subfield>
         <subfield code="2">swd</subfield>
      </datafield>
      <datafield tag="651" ind1=" " ind2="7">
         <subfield code="a">Latein.</subfield>
         <subfield code="2">swd</subfield>
      </datafield>
      <datafield tag="651" ind1=" " ind2="7">
         <subfield code="a">Großbritannien.</subfield>
         <subfield code="2">swd</subfield>
      </datafield>
      <datafield tag="700" ind1="1" ind2=" ">
         <subfield code="a">Wright, R. P.</subfield>
      </datafield>
      <datafield tag="700" ind1="1" ind2=" ">
         <subfield code="a">Goodburn, Roger.</subfield>
      </datafield>
      <datafield tag="700" ind1="1" ind2=" ">
         <subfield code="a">Waugh, Helen.</subfield>
      </datafield>
      <datafield tag="700" ind1="1" ind2=" ">
         <subfield code="a">Frere, Sheppard,</subfield>
         <subfield code="d">1916-2015.</subfield>
      </datafield>
      <datafield tag="700" ind1="1" ind2=" ">
         <subfield code="a">Tomlin, Roger,</subfield>
         <subfield code="d">1943-</subfield>
      </datafield>
      <datafield tag="700" ind1="1" ind2=" ">
         <subfield code="a">Hassall, M. W. C.</subfield>
         <subfield code="q">(Mark W. C.)</subfield>
      </datafield>
      <datafield tag="776" ind1="0" ind2="8">
         <subfield code="i">Online version:</subfield>
         <subfield code="a">Collingwood, R.G. (Robin George), 1889-1943.</subfield>
         <subfield code="t">Roman inscriptions of Britain.</subfield>
         <subfield code="d">Oxford : Clarendon Press, 1965-</subfield>
         <subfield code="w">(OCoLC)558446296</subfield>
      </datafield>
      <datafield tag="OWN" ind1=" " ind2=" ">
         <subfield code="a">GENERAL</subfield>
      </datafield>
      <datafield tag="AVA" ind1=" " ind2=" ">
         <subfield code="a">NYU50</subfield>
         <subfield code="b">BOBST</subfield>
         <subfield code="c">Main Collection</subfield>
         <subfield code="d">CN590 .C72</subfield>
         <subfield code="e">check_holdings</subfield>
         <subfield code="t">Check Holdings</subfield>
         <subfield code="h">Y</subfield>
         <subfield code="j">MAIN</subfield>
         <subfield code="k">0</subfield>
      </datafield>
      <datafield tag="AVA" ind1=" " ind2=" ">
         <subfield code="a">NYU50</subfield>
         <subfield code="b">NISAW</subfield>
         <subfield code="c">Large Collection</subfield>
         <subfield code="d">CN590 .C65 1965 Non-circulating</subfield>
         <subfield code="e">available</subfield>
         <subfield code="t">Available</subfield>
         <subfield code="f">11</subfield>
         <subfield code="g">0</subfield>
         <subfield code="h">Y</subfield>
         <subfield code="i">0</subfield>
         <subfield code="j">LARGE</subfield>
         <subfield code="k">0</subfield>
      </datafield>
      <marc:datafield tag="852" ind1=" " ind2=" ">
         <marc:subfield code="b">Institute for the Study of the Ancient World, </marc:subfield>
         <marc:subfield code="c">Large Collection</marc:subfield>
         <marc:subfield code="e">15 East 84th St., </marc:subfield>
         <marc:subfield code="e">New York, NY  10028</marc:subfield>
      </marc:datafield>
   </record>