
  
  
  
  
  
  
  
  
  
 
  
  <record xsi:schemaLocation="http://www.loc.gov/MARC21/slim http://www.loc.gov/standards/marcxml/schema/MARC21slim.xsd">
      <leader>00000cam a2200625 a 4500</leader>
      <controlfield tag="FMT">BK</controlfield>
      <controlfield tag="LDR">00000cam a2200625 a 4500</controlfield>
      <controlfield tag="001">004489795</controlfield>
      <controlfield tag="003">OCoLC</controlfield>
      <controlfield tag="005">20161214153632.0</controlfield>
      <controlfield tag="008">161010s2000    ru ac    b    110 0drusoc</controlfield>
      <datafield tag="010" ind1=" " ind2=" ">
         <subfield code="a">2003424219</subfield>
      </datafield>
      <datafield tag="020" ind1=" " ind2=" ">
         <subfield code="a">5899300442</subfield>
      </datafield>
      <datafield tag="020" ind1=" " ind2=" ">
         <subfield code="a">9785899300448</subfield>
      </datafield>
      <datafield tag="035" ind1=" " ind2=" ">
         <subfield code="a">(OCoLC)54407504</subfield>
         <subfield code="z">(OCoLC)45878175</subfield>
         <subfield code="z">(OCoLC)50662607</subfield>
      </datafield>
      <datafield tag="040" ind1=" " ind2=" ">
         <subfield code="a">PUL</subfield>
         <subfield code="b">eng</subfield>
         <subfield code="c">PUL</subfield>
         <subfield code="d">DLC</subfield>
         <subfield code="d">OCLCG</subfield>
         <subfield code="d">OCLCF</subfield>
         <subfield code="d">OCLCQ</subfield>
         <subfield code="d">OCLCO</subfield>
         <subfield code="d">OCL</subfield>
         <subfield code="d">OCLCO</subfield>
         <subfield code="d">NNU</subfield>
      </datafield>
      <datafield tag="041" ind1="0" ind2=" ">
         <subfield code="a">rus</subfield>
         <subfield code="b">eng</subfield>
         <subfield code="f">eng</subfield>
      </datafield>
      <datafield tag="042" ind1=" " ind2=" ">
         <subfield code="a">pcc</subfield>
      </datafield>
      <datafield tag="043" ind1=" " ind2=" ">
         <subfield code="a">e-un---</subfield>
      </datafield>
      <datafield tag="050" ind1="0" ind2="0">
         <subfield code="a">DK508.425.S39</subfield>
         <subfield code="b">I58 1999</subfield>
      </datafield>
      <datafield tag="111" ind1="2" ind2=" ">
         <subfield code="6">880-01</subfield>
         <subfield code="a">International Conference "Scythians of the Northern Black Sea Coast in the VII-IV Centuries B.C.--the Problems of Palaeoecology, Anthropology and Archaeology"</subfield>
         <subfield code="d">(1999 :</subfield>
         <subfield code="c">Dedovsk, Moscow, Russia)</subfield>
      </datafield>
      <datafield tag="245" ind1="1" ind2="0">
         <subfield code="6">880-02</subfield>
         <subfield code="a">Skify i sarmaty v VII-III vv. do n.ė. :</subfield>
         <subfield code="b">paleoėkologii͡a, antropologii͡a i arkheologii͡a : sbornik stateĭ /</subfield>
         <subfield code="c">[otvetstvennye redaktory V.I. Guli͡aev, V.S. Olʹkhovskiĭ].</subfield>
      </datafield>
      <datafield tag="246" ind1="3" ind2=" ">
         <subfield code="a">Skify i sarmaty v 7.-3. vv. do n.ė</subfield>
      </datafield>
      <datafield tag="246" ind1="3" ind2=" ">
         <subfield code="a">Skify i sarmaty v sedʹmom-tretʹem vv. do n.ė</subfield>
      </datafield>
      <datafield tag="246" ind1="1" ind2="5">
         <subfield code="a">Scythians and Sarmatians in the 7th-3rd centuries BC</subfield>
      </datafield>
      <datafield tag="260" ind1=" " ind2=" ">
         <subfield code="6">880-03</subfield>
         <subfield code="a">Moskva :</subfield>
         <subfield code="b">Institut arkheologii RAN,</subfield>
         <subfield code="c">2000.</subfield>
      </datafield>
      <datafield tag="300" ind1=" " ind2=" ">
         <subfield code="a">317 pages :</subfield>
         <subfield code="b">illustrations, portrait ;</subfield>
         <subfield code="c">29 cm</subfield>
      </datafield>
      <datafield tag="336" ind1=" " ind2=" ">
         <subfield code="a">text</subfield>
         <subfield code="b">txt</subfield>
         <subfield code="2">rdacontent</subfield>
      </datafield>
      <datafield tag="337" ind1=" " ind2=" ">
         <subfield code="a">unmediated</subfield>
         <subfield code="b">n</subfield>
         <subfield code="2">rdamedia</subfield>
      </datafield>
      <datafield tag="338" ind1=" " ind2=" ">
         <subfield code="a">volume</subfield>
         <subfield code="b">nc</subfield>
         <subfield code="2">rdacarrier</subfield>
      </datafield>
      <datafield tag="500" ind1=" " ind2=" ">
         <subfield code="a">ISAW copy is from the library of Aleksandr Leskov.</subfield>
         <subfield code="5">NyNyUAW</subfield>
      </datafield>
      <datafield tag="500" ind1=" " ind2=" ">
         <subfield code="6">880-04</subfield>
         <subfield code="a">At head of title: Rossiĭskai͡a akademii͡a nauk. Institut arkheologii. Gosudarstvennyĭ istoricheskiĭ muzeĭ.</subfield>
      </datafield>
      <datafield tag="500" ind1=" " ind2=" ">
         <subfield code="6">880-05</subfield>
         <subfield code="a">"Nauchnoe izdanie"--Colophon.</subfield>
      </datafield>
      <datafield tag="500" ind1=" " ind2=" ">
         <subfield code="a">"Osnovu sbornika sostavli͡ai͡ut materialy mezhdunarodnoĭ konferent͡sii 'Skify Severnogo Prichernomorʹi͡a v VII-IV vv. do n.ė.: problemy paleoėkologii, antropologii i arkheologii' ... posvi͡ashchennoĭ 100-letii͡u so dni͡a rozhdenii͡a ... B.N. Grakova"--Title page verso.</subfield>
      </datafield>
      <datafield tag="546" ind1=" " ind2=" ">
         <subfield code="a">Abstract in English; table of contents also in English.</subfield>
      </datafield>
      <datafield tag="504" ind1=" " ind2=" ">
         <subfield code="a">Includes bibliographical references.</subfield>
      </datafield>
      <datafield tag="505" ind1="0" ind2="0">
         <subfield code="g"/>
         <subfield code="g">English table of contents:</subfield>
         <subfield code="t">Boris Nikolaevich Grakov: Scientific heritage and modern archaeology (instead of forward) /</subfield>
         <subfield code="r">Guliaev V.I, Olkhovskiy V.S.</subfield>
         <subfield code="t">B.N. Grakov and the Problems of the Scytho-Sarmatian Archaeology.</subfield>
         <subfield code="t">One hundred years of excavations at the Kamenskoye hillfort site /</subfield>
         <subfield code="r">Gavriliuk N.A., Kotova O.I. --</subfield>
         <subfield code="t">The collections of finds from excavations of B.N. Grakov in the State Historical Museum /</subfield>
         <subfield code="r">Gushina I.I., Firsov K.B. --</subfield>
         <subfield code="t">The significance of B.N. Grakov' scientific heritage in the development of the Sarmatian archaeology /</subfield>
         <subfield code="r">Skripkin A.S.</subfield>
         <subfield code="t">Palaeodemography of Eurasia in the Scytho-Sarmatian Times.</subfield>
         <subfield code="t">Palaeodemography of the burial places Nikolaevka (Kazatskoye), Zolotaya Balka, Scythian Neapolis /</subfield>
         <subfield code="r">Bogatenkov D.V. --</subfield>
         <subfield code="t">Were the Scythians too thick? (anthropological analysis of burned human remains from one Scythian burial) /</subfield>
         <subfield code="r">Buzhilova A.P., Kozlovskaya M.V. --</subfield>
         <subfield code="t">The correspondence of the forest-steppe and the steppe groups of population in European Scythia according to the craniological data /</subfield>
         <subfield code="r">Efimova S.G. --</subfield>
         <subfield code="t">About the mode of life of the Middle Don population during the Scythian period /</subfield>
         <subfield code="t">Kozlovskaya M.V. --</subfield>
         <subfield code="t">Life of early Scythians: a reconstruction on the anthropological materials from the Novozavedennoye II cemetary /</subfield>
         <subfield code="r">Mednikova M.B. --</subfield>
         <subfield code="t">Multydisciple analysis of the Pazyryk culture population (achaeology, anthrpology, genetics) /</subfield>
         <subfield code="r">Molodin V.I., Romanshenko A.G., Voevoda M.I, Chikisheva T.A. --</subfield>
         <subfield code="t">The balming operation among the Pazyrykians of Ukok /</subfield>
         <subfield code="r">Polosmak N.V. --</subfield>
         <subfield code="t">About the origin of Scythian culture at the Northern Black Sea Coast according to the data of modern palaeoanthropology /</subfield>
         <subfield code="r">Yablonsky L.T.</subfield>
      </datafield>
      <datafield tag="505" ind1="8" ind2="0">
         <subfield code="t"/>
         <subfield code="t">Palaeoecology of the West Eurasia in the Scytho-Sarmatian Times.</subfield>
         <subfield code="t">Problems of treatments and interpretation of archaeozoological materials from the sites of the Scythians times at the Northern Black Sea Coast /</subfield>
         <subfield code="r">Antipina E.E. --</subfield>
         <subfield code="t">Palaeoecology of the Eastern Europe steppes during the Scytho-Sarmatian period /</subfield>
         <subfield code="r">Demkin V.A., Demkina T.S., Pesochina L.S. --</subfield>
         <subfield code="t">Palaeoethnobotanic materials on agriculture of the Scythian epoch: problems of interpretation /</subfield>
         <subfield code="r">Lebedeva E. Yu. --</subfield>
         <subfield code="t">Palaeoethnobotanic investigations of the Scythian sites from the steppe zone of the Northern Black Sea Coast /</subfield>
         <subfield code="r">Pashkevich G.A.</subfield>
         <subfield code="t">Scytho-Sarmatian Problem: New Approaches, Hypothesis, Decisions.</subfield>
         <subfield code="t">Mamay Gora burial place at the Lower Dnieper region /</subfield>
         <subfield code="r">Andrukh S.I. --</subfield>
         <subfield code="t">Some aspects of economic activity of the Matroninskoe hillfort inhabitants /</subfield>
         <subfield code="r">Bessonova S.S. --</subfield>
         <subfield code="t">Scythian kurgan as unified assemblage /</subfield>
         <subfield code="r">Boltrik Yu.V. --</subfield>
         <subfield code="t">The basic motives of ornamentation of the bridle objects at the south of the East Europe in the beginning of the Early Iron Age --</subfield>
         <subfield code="r">Valchak S.B. --</subfield>
         <subfield code="t">About the ethno-cultural identification of the population at the Middle Don area in the V-IV centuries B.C. /</subfield>
         <subfield code="r">Guliaev V.I. --</subfield>
         <subfield code="t">New objects from the Khosheutovsky complex of the horse harness /</subfield>
         <subfield code="r">Dvornichenko V.V. --</subfield>
         <subfield code="t">The population of the Lower Don in the V-IV centuries B.C. /</subfield>
         <subfield code="r">Kopylov V.P. --</subfield>
         <subfield code="t">About reconstruction of events of the end of the IVth-beginning fo the IIIrd centuries B.C. at the Lower Don /</subfield>
         <subfield code="r">Lukiashko S.I. --</subfield>
         <subfield code="t">The population of area between Don and Northern Donetz rivers during V-III centuries B.C. (Sauromates, Sirmatians, Sarmatians) /</subfield>
         <subfield code="r">Maksimenko V.E. -- About the actual question of the early Scythian archaeology /</subfield>
         <subfield code="r">Makhortykh S.V. --</subfield>
         <subfield code="t">Some source problems of ethnogeography of the Don region in the Scythian times /</subfield>
         <subfield code="r">Medvedev A.P. --</subfield>
      </datafield>
      <datafield tag="505" ind1="8" ind2="0">
         <subfield code="t">Once more about the stone "altars" and "sauromatian" archaeological culture /</subfield>
         <subfield code="r">Moshkova M.G. --</subfield>
         <subfield code="t">The downfall of the Great Scythia and the king Atey /</subfield>
         <subfield code="r">Murzin V. Yu, Rolle R. --</subfield>
         <subfield code="t">The idea of anthropomorphizm in monumental sculpture of the steppe Eurasia in the Early Iron Age /</subfield>
         <subfield code="r">Olkhovkiy V.S. --</subfield>
         <subfield code="t">The question of connections between Lower Volga, Kuban and Lower Don area (according to some materials of the Scythian "animal style") /</subfield>
         <subfield code="r">Perevodchikova E.V. --</subfield>
         <subfield code="t">The chronology fo the central kurgan group at the Novozavedennoye-II cemetary /</subfield>
         <subfield code="r">Petrenko V.G., Maslov V.E., Kantorovich A.R. --</subfield>
         <subfield code="t">Concerning the interpretation of inhumations on the Semilukskoye hillfort site of the Scythian time /</subfield>
         <subfield code="r">Priakhin A.D., Razuvae Yu.D. --</subfield>
         <subfield code="t">Kurgan groups and hillforts of the Middle Don region and their ethnocultural unity /</subfield>
         <subfield code="r">Puzikova A.I. --</subfield>
         <subfield code="t">The burial rites of the Middle Don population in the V-IV centuries B.C. (according to materials of the cemetary "Ternovoye I-Kolbino I") /</subfield>
         <subfield code="r">Savchenko E.I. --</subfield>
         <subfield code="t">The earliest black metal at the North-West Caucasus (concerning the problem of the definition of traditions) /</subfield>
         <subfield code="r">Terekhova N.N., Erlikh V.R. --</subfield>
         <subfield code="t">Two-ended "forks" from the burial sites of Scythia /</subfield>
         <subfield code="r">Fialko E.E., Boltrik Yu.V --</subfield>
         <subfield code="t">The kurgan of Lubotin /</subfield>
         <subfield code="r">Chernenko A.E. --</subfield>
         <subfield code="t">The Scythian art of "animal style" (on the materials of the forest-steppe zone of Scythia) /</subfield>
         <subfield code="r">Shkurko A.I.</subfield>
      </datafield>
      <datafield tag="600" ind1="1" ind2="0">
         <subfield code="a">Grakov, B. N.</subfield>
         <subfield code="q">(Boris Nikolaevich)</subfield>
      </datafield>
      <datafield tag="650" ind1=" " ind2="0">
         <subfield code="a">Scythians</subfield>
         <subfield code="v">Congresses.</subfield>
      </datafield>
      <datafield tag="650" ind1=" " ind2="0">
         <subfield code="a">Sarmatians</subfield>
         <subfield code="v">Congresses.</subfield>
      </datafield>
      <datafield tag="651" ind1=" " ind2="0">
         <subfield code="a">Black Sea Lowland (Ukraine)</subfield>
         <subfield code="x">Antiquities</subfield>
         <subfield code="v">Congresses.</subfield>
      </datafield>
      <datafield tag="651" ind1=" " ind2="0">
         <subfield code="a">Ukraine</subfield>
         <subfield code="x">Antiquities</subfield>
         <subfield code="v">Congresses.</subfield>
      </datafield>
      <datafield tag="650" ind1=" " ind2="0">
         <subfield code="a">Excavations (Archaeology)</subfield>
         <subfield code="z">Ukraine</subfield>
         <subfield code="z">Black Sea Lowland</subfield>
         <subfield code="v">Congresses.</subfield>
      </datafield>
      <datafield tag="700" ind1="1" ind2=" ">
         <subfield code="6">880-06</subfield>
         <subfield code="a">Grakov, B. N.</subfield>
         <subfield code="q">(Boris Nikolaevich)</subfield>
         <subfield code="e">dedicatee.</subfield>
      </datafield>
      <datafield tag="700" ind1="1" ind2=" ">
         <subfield code="6">880-07</subfield>
         <subfield code="a">Guli͡aev, V. I.</subfield>
         <subfield code="q">(Valeriĭ Ivanovich)</subfield>
         <subfield code="e">editor.</subfield>
      </datafield>
      <datafield tag="700" ind1="1" ind2=" ">
         <subfield code="6">880-08</subfield>
         <subfield code="a">Olʹkhovskiĭ, V. S.</subfield>
         <subfield code="q">(Valeriĭ Sergeevich)</subfield>
         <subfield code="e">editor.</subfield>
      </datafield>
      <datafield tag="710" ind1="2" ind2=" ">
         <subfield code="6">880-09</subfield>
         <subfield code="a">Gosudarstvennyĭ istoricheskiĭ muzeĭ (Moscow, Russia)</subfield>
         <subfield code="e">issuing body.</subfield>
      </datafield>
      <datafield tag="710" ind1="2" ind2=" ">
         <subfield code="6">880-10</subfield>
         <subfield code="a">Institut arkheologii (Rossiĭskai͡a akademii͡a nauk)</subfield>
         <subfield code="e">issuing body.</subfield>
      </datafield>
      <datafield tag="700" ind1="1" ind2=" ">
         <subfield code="a">Leskov, Aleksandr Mikhaĭlovich,</subfield>
         <subfield code="e">former owner.</subfield>
         <subfield code="5">NyNyUAW</subfield>
      </datafield>
      <datafield tag="740" ind1="0" ind2=" ">
         <subfield code="a">Leskov Collection.</subfield>
         <subfield code="5">NyNyUAW</subfield>
      </datafield>
      <datafield tag="880" ind1="2" ind2=" ">
         <subfield code="6">111-01/</subfield>
         <subfield code="a">Международная конференция "Скифы Северного Причерноморья в VII-IV вв. до н.э.: проблемы палеоэкологии, антропологии и археологии"</subfield>
         <subfield code="d">(1999 :</subfield>
         <subfield code="c">Dedovsk, Moscow, Russia)</subfield>
      </datafield>
      <datafield tag="880" ind1="1" ind2="0">
         <subfield code="6">245-02/</subfield>
         <subfield code="a">Скифы и сарматы в VII-III вв. дo н.э. :</subfield>
         <subfield code="b">палеоэкология, антропология и археология : сборник статей /</subfield>
         <subfield code="c">[oтветственные редакторы В.И. Гуляев, В.С. Oльховский].</subfield>
      </datafield>
      <datafield tag="880" ind1=" " ind2=" ">
         <subfield code="6">260-03/</subfield>
         <subfield code="a">Moсква :</subfield>
         <subfield code="b">Институт aрхеологии РАН,</subfield>
         <subfield code="c">2000.</subfield>
      </datafield>
      <datafield tag="880" ind1=" " ind2=" ">
         <subfield code="6">500-04/</subfield>
         <subfield code="a">At head of title: Российская академия наук. Институт археологии. Государственный исторический музей.</subfield>
      </datafield>
      <datafield tag="880" ind1=" " ind2=" ">
         <subfield code="6">500-05/</subfield>
         <subfield code="a">"Нaучное издание"--Colophon.</subfield>
      </datafield>
      <datafield tag="880" ind1="1" ind2=" ">
         <subfield code="6">700-06/</subfield>
         <subfield code="a">Граков, Б. Н.</subfield>
         <subfield code="q">(Бoрис Николаевич),</subfield>
         <subfield code="e">dedicatee.</subfield>
      </datafield>
      <datafield tag="880" ind1="1" ind2=" ">
         <subfield code="6">700-07/</subfield>
         <subfield code="a">Гуляев, В. И.</subfield>
         <subfield code="q">(Вaлерий Иванович)</subfield>
         <subfield code="e">editor.</subfield>
      </datafield>
      <datafield tag="880" ind1="1" ind2=" ">
         <subfield code="6">700-08/</subfield>
         <subfield code="a">Oльховский, В. С.</subfield>
         <subfield code="q">(Вaлерий Сeргеевич)</subfield>
         <subfield code="e">editor.</subfield>
      </datafield>
      <datafield tag="880" ind1="2" ind2=" ">
         <subfield code="6">710-09/</subfield>
         <subfield code="a">Государственный исторический музей (Moscow, Russia),</subfield>
         <subfield code="e">issuing body.</subfield>
      </datafield>
      <datafield tag="880" ind1="2" ind2=" ">
         <subfield code="6">710-10/</subfield>
         <subfield code="a">Институт археологии (Российская академия наук),</subfield>
         <subfield code="e">issuing body.</subfield>
      </datafield>
      <datafield tag="994" ind1=" " ind2=" ">
         <subfield code="a">Z0</subfield>
         <subfield code="b">ZYU</subfield>
      </datafield>
      <datafield tag="OWN" ind1=" " ind2=" ">
         <subfield code="a">GENERAL</subfield>
      </datafield>
      <datafield tag="AVA" ind1=" " ind2=" ">
         <subfield code="a">NYU50</subfield>
         <subfield code="b">NISAW</subfield>
         <subfield code="c">Large Collection</subfield>
         <subfield code="d">DK508.425.S39 I58 1999 Non-circulating</subfield>
         <subfield code="e">available</subfield>
         <subfield code="t">Available</subfield>
         <subfield code="f">1</subfield>
         <subfield code="g">0</subfield>
         <subfield code="h">N</subfield>
         <subfield code="i">0</subfield>
         <subfield code="j">LARGE</subfield>
         <subfield code="k">0</subfield>
      </datafield>
      <marc:datafield tag="852" ind1=" " ind2=" ">
         <marc:subfield code="b">Institute for the Study of the Ancient World, </marc:subfield>
         <marc:subfield code="c">Large Collection</marc:subfield>
         <marc:subfield code="e">15 East 84th St., </marc:subfield>
         <marc:subfield code="e">New York, NY  10028</marc:subfield>
      </marc:datafield>
   </record>