
  
  
  
  
  
  
  
  
  
 
  
  <record xsi:schemaLocation="http://www.loc.gov/MARC21/slim http://www.loc.gov/standards/marcxml/schema/MARC21slim.xsd">
      <leader>00000nrm a22      i 4500</leader>
      <controlfield tag="FMT">VM</controlfield>
      <controlfield tag="LDR">00000nrm a22      i 4500</controlfield>
      <controlfield tag="001">004489779</controlfield>
      <controlfield tag="005">20161021094510.0</controlfield>
      <controlfield tag="008">161010t20062006nyunnn            gneng d</controlfield>
      <datafield tag="024" ind1="1" ind2=" ">
         <subfield code="a">681706070087</subfield>
      </datafield>
      <datafield tag="028" ind1="5" ind2="2">
         <subfield code="a">ZMG 7008</subfield>
         <subfield code="b">Z-Man Games</subfield>
      </datafield>
      <datafield tag="040" ind1=" " ind2=" ">
         <subfield code="a">NNU</subfield>
         <subfield code="b">eng</subfield>
         <subfield code="e">rda</subfield>
         <subfield code="c">NNU</subfield>
      </datafield>
      <datafield tag="041" ind1="1" ind2=" ">
         <subfield code="a">eng</subfield>
         <subfield code="a">ger</subfield>
         <subfield code="a">fre</subfield>
         <subfield code="a">dut</subfield>
      </datafield>
      <datafield tag="043" ind1=" " ind2=" ">
         <subfield code="a">ca-----</subfield>
         <subfield code="a">cc-----</subfield>
         <subfield code="a">ac-----</subfield>
      </datafield>
      <datafield tag="100" ind1="1" ind2=" ">
         <subfield code="a">Cheatham, Ted,</subfield>
         <subfield code="e">author.</subfield>
      </datafield>
      <datafield tag="245" ind1="1" ind2="0">
         <subfield code="a">Silk road /</subfield>
         <subfield code="c">Ted Cheatham, Bruno Faidutti.</subfield>
      </datafield>
      <datafield tag="264" ind1=" " ind2="1">
         <subfield code="a">Mahopac, NY :</subfield>
         <subfield code="b">Z-Man Games,</subfield>
         <subfield code="c">[2006]</subfield>
      </datafield>
      <datafield tag="264" ind1=" " ind2="4">
         <subfield code="c">©2006.</subfield>
      </datafield>
      <datafield tag="300" ind1=" " ind2=" ">
         <subfield code="a">1 game (1 game board, 4 leaves of rules, various game pieces (see note below)):</subfield>
         <subfield code="b">cardboard, paper, wood, cloth, color illustrations ;</subfield>
         <subfield code="c">in box, 30 x 30 x 7 cm</subfield>
      </datafield>
      <datafield tag="336" ind1=" " ind2=" ">
         <subfield code="a">three-dimensional form</subfield>
         <subfield code="b">tdf</subfield>
         <subfield code="2">rdacontent</subfield>
      </datafield>
      <datafield tag="337" ind1=" " ind2=" ">
         <subfield code="a">unmediated</subfield>
         <subfield code="b">n</subfield>
         <subfield code="2">rdamedia</subfield>
      </datafield>
      <datafield tag="338" ind1=" " ind2=" ">
         <subfield code="a">object</subfield>
         <subfield code="b">nr</subfield>
         <subfield code="2">rdacarrier</subfield>
      </datafield>
      <datafield tag="500" ind1=" " ind2=" ">
         <subfield code="a">3-6 players.</subfield>
      </datafield>
      <datafield tag="521" ind1=" " ind2=" ">
         <subfield code="a">Agest 12 and up.</subfield>
      </datafield>
      <datafield tag="500" ind1=" " ind2=" ">
         <subfield code="a">Duration of play: approximately 90 minutes.</subfield>
      </datafield>
      <datafield tag="500" ind1=" " ind2=" ">
         <subfield code="a">Title and statement of responsibility from container.</subfield>
      </datafield>
      <datafield tag="546" ind1=" " ind2=" ">
         <subfield code="a">Includes game instructions in English, German, French, and Dutch.</subfield>
      </datafield>
      <datafield tag="505" ind1="1" ind2=" ">
         <subfield code="a">Game pieces:75 wooden goods tokens, 90 cardboard action tiles, 1 cloth bag, 45 wooden coins, 5 wooden turn tokens, 2 wooden pawns, 6 cardboard player shields.</subfield>
      </datafield>
      <datafield tag="520" ind1=" " ind2=" ">
         <subfield code="a">"Silk Road is a strategy game for 3-5 daring adventurers wanting to make their fortune on the Silk Road. Bribe your way to move the caravan to the city of your choice to maximize your return on trades. Only the most astute trader will prevail."--Container</subfield>
      </datafield>
      <datafield tag="650" ind1=" " ind2="0">
         <subfield code="a">Board games</subfield>
         <subfield code="v">Specimens.</subfield>
      </datafield>
      <datafield tag="650" ind1=" " ind2="0">
         <subfield code="a">Trade routes</subfield>
         <subfield code="z">Asia, Central.</subfield>
      </datafield>
      <datafield tag="651" ind1=" " ind2="0">
         <subfield code="a">Silk Road.</subfield>
      </datafield>
      <datafield tag="700" ind1="1" ind2=" ">
         <subfield code="a">Faidutti, Bruno,</subfield>
         <subfield code="e">author.</subfield>
      </datafield>
      <datafield tag="710" ind1="2" ind2=" ">
         <subfield code="a">Z-Man Games, Inc.,</subfield>
         <subfield code="e">publisher.</subfield>
      </datafield>
      <datafield tag="OWN" ind1=" " ind2=" ">
         <subfield code="a">GENERAL</subfield>
      </datafield>
      <datafield tag="AVA" ind1=" " ind2=" ">
         <subfield code="a">NYU50</subfield>
         <subfield code="b">NISAW</subfield>
         <subfield code="c">Reference 3 Collection</subfield>
         <subfield code="d">MEDIA 1604 Non-circulating</subfield>
         <subfield code="e">available</subfield>
         <subfield code="t">Available</subfield>
         <subfield code="f">1</subfield>
         <subfield code="g">0</subfield>
         <subfield code="h">N</subfield>
         <subfield code="i">0</subfield>
         <subfield code="j">REF3</subfield>
         <subfield code="k">4</subfield>
      </datafield>
      <marc:datafield tag="852" ind1=" " ind2=" ">
         <marc:subfield code="b">Institute for the Study of the Ancient World, </marc:subfield>
         <marc:subfield code="c">Reference 3 Collection</marc:subfield>
         <marc:subfield code="e">15 East 84th St., </marc:subfield>
         <marc:subfield code="e">New York, NY  10028</marc:subfield>
      </marc:datafield>
   </record>