
  
  
  
  
  
  
  
  
 
  
  <record xsi:schemaLocation="http://www.loc.gov/MARC21/slim http://www.loc.gov/standards/marcxml/schema/MARC21slim.xsd">
      <leader>00000cam a2200613Ii 4500</leader>
      <controlfield tag="FMT">BK</controlfield>
      <controlfield tag="LDR">00000cam a2200613Ii 4500</controlfield>
      <controlfield tag="001">003999316</controlfield>
      <controlfield tag="003">OCoLC</controlfield>
      <controlfield tag="005">20161025174612.0</controlfield>
      <controlfield tag="008">130726s2013    be a     b    101 0 eng d</controlfield>
      <datafield tag="016" ind1="7" ind2=" ">
         <subfield code="a">016459136</subfield>
         <subfield code="2">Uk</subfield>
      </datafield>
      <datafield tag="020" ind1=" " ind2=" ">
         <subfield code="a">9789042929289</subfield>
         <subfield code="q">(cl.)</subfield>
      </datafield>
      <datafield tag="020" ind1=" " ind2=" ">
         <subfield code="a">9042929286</subfield>
         <subfield code="q">(cl.)</subfield>
      </datafield>
      <datafield tag="035" ind1="7" ind2=" ">
         <subfield code="a">har135015482</subfield>
      </datafield>
      <datafield tag="035" ind1=" " ind2=" ">
         <subfield code="a">(OCoLC)854557093</subfield>
         <subfield code="z">(OCoLC)855582472</subfield>
      </datafield>
      <datafield tag="040" ind1=" " ind2=" ">
         <subfield code="a">OHX</subfield>
         <subfield code="b">eng</subfield>
         <subfield code="e">rda</subfield>
         <subfield code="c">OHX</subfield>
         <subfield code="d">BTCTA</subfield>
         <subfield code="d">ERASA</subfield>
         <subfield code="d">UKMGB</subfield>
         <subfield code="d">YDXCP</subfield>
         <subfield code="d">UUM</subfield>
         <subfield code="d">QGK</subfield>
         <subfield code="d">OCLCA</subfield>
         <subfield code="d">CHVBK</subfield>
         <subfield code="d">CDX</subfield>
         <subfield code="d">ZCU</subfield>
         <subfield code="d">OCLCF</subfield>
         <subfield code="d">OCLCO</subfield>
         <subfield code="d">NLGGC</subfield>
         <subfield code="d">OCLCQ</subfield>
         <subfield code="d">OCL</subfield>
         <subfield code="d">ZYU</subfield>
      </datafield>
      <datafield tag="050" ind1=" " ind2="4">
         <subfield code="a">PA6694.S8</subfield>
         <subfield code="b">N48 2013</subfield>
      </datafield>
      <datafield tag="072" ind1=" " ind2="7">
         <subfield code="a">PA</subfield>
         <subfield code="2">lcco</subfield>
      </datafield>
      <datafield tag="072" ind1=" " ind2="7">
         <subfield code="a">DG</subfield>
         <subfield code="2">lcco</subfield>
      </datafield>
      <datafield tag="082" ind1="0" ind2="4">
         <subfield code="a">876.01</subfield>
         <subfield code="2">23</subfield>
      </datafield>
      <datafield tag="245" ind1="0" ind2="0">
         <subfield code="a">New approaches to Sidonius Apollinaris /</subfield>
         <subfield code="c">edited by Johannes A. van Waarden and Gavin Kelly.</subfield>
      </datafield>
      <datafield tag="264" ind1=" " ind2="1">
         <subfield code="a">Leuven :</subfield>
         <subfield code="b">Peeters,</subfield>
         <subfield code="c">2013.</subfield>
      </datafield>
      <datafield tag="300" ind1=" " ind2=" ">
         <subfield code="a">xi, 397 pages :</subfield>
         <subfield code="b">illustrations ;</subfield>
         <subfield code="c">25 cm.</subfield>
      </datafield>
      <datafield tag="336" ind1=" " ind2=" ">
         <subfield code="a">text</subfield>
         <subfield code="b">txt</subfield>
         <subfield code="2">rdacontent</subfield>
      </datafield>
      <datafield tag="337" ind1=" " ind2=" ">
         <subfield code="a">unmediated</subfield>
         <subfield code="b">n</subfield>
         <subfield code="2">rdamedia</subfield>
      </datafield>
      <datafield tag="338" ind1=" " ind2=" ">
         <subfield code="a">volume</subfield>
         <subfield code="b">nc</subfield>
         <subfield code="2">rdacarrier</subfield>
      </datafield>
      <datafield tag="490" ind1="1" ind2=" ">
         <subfield code="a">Late antique history and religion ;</subfield>
         <subfield code="v">7</subfield>
      </datafield>
      <datafield tag="500" ind1=" " ind2=" ">
         <subfield code="a">International conference proceedings.</subfield>
      </datafield>
      <datafield tag="501" ind1=" " ind2=" ">
         <subfield code="a">With indices on Helga Köhler, C. Sollius Apollinaris Sidonius: Briefe Buch I.</subfield>
      </datafield>
      <datafield tag="504" ind1=" " ind2=" ">
         <subfield code="a">Includes bibliographical references and indexes.</subfield>
      </datafield>
      <datafield tag="505" ind1="0" ind2="0">
         <subfield code="g">Introduction.</subfield>
         <subfield code="t">Sidonius in the 21st Century /</subfield>
         <subfield code="r">Joop van Waarden.</subfield>
         <subfield code="g">Part 1.</subfield>
         <subfield code="t">Cultural Diversity in Research.</subfield>
         <subfield code="t">Sidonius in Francophone Countries /</subfield>
         <subfield code="r">David Amherdt --</subfield>
         <subfield code="t">Sidonius in German-Speaking Countries /</subfield>
         <subfield code="r">Helga Köhler --</subfield>
         <subfield code="t">Sidonius in Italy /</subfield>
         <subfield code="r">Stefania Santelia.</subfield>
         <subfield code="g">Part 2.</subfield>
         <subfield code="t">The Carmina : Poetics and Intertextuality.</subfield>
         <subfield code="t">The Failure of Sidonius' Poetry /</subfield>
         <subfield code="r">Piet Gerbrandy --</subfield>
         <subfield code="t">The Poetics of Inclusion in Servius and Sidonius /</subfield>
         <subfield code="r">David Rijser --</subfield>
         <subfield code="t">Writing Commentary on Sidonius' Panegyrics /</subfield>
         <subfield code="r">Tiziana Brolli --</subfield>
         <subfield code="t">Improvisation and Poetical Programme in Sidonius, Ep. 9.13 /</subfield>
         <subfield code="r">Silvia Condorelli --</subfield>
         <subfield code="t">Sidonius and Horace : The Art of Memory /</subfield>
         <subfield code="r">Annick Stoehr-Monjou --</subfield>
         <subfield code="t">Sidonius and Claudian /</subfield>
         <subfield code="r">Gavin Kelly.</subfield>
         <subfield code="g">Part 3.</subfield>
         <subfield code="t">The Epistulae : The Collection, Its Aims, and Its Language.</subfield>
         <subfield code="t">Reading the Letters of Sidonius by the Book /</subfield>
         <subfield code="r">Roy Gibson --</subfield>
         <subfield code="t">Dating the Letters of Sidonius /</subfield>
         <subfield code="r">Ralph Mathisen --</subfield>
         <subfield code="t">Creating Identity from the Past : The Construction of History in the Letters of Sidonius /</subfield>
         <subfield code="r">Sigrid Mratschek --</subfield>
         <subfield code="t">Applying Text Linguistics to the Letters of Sidonius /</subfield>
         <subfield code="r">Rodie Risselada.</subfield>
         <subfield code="g">Appendix.</subfield>
         <subfield code="t">Indices on C. Sollius Apollinaris Sidonius : Briefe Buch I (Heidelberg, 1995), including addenda et corrigenda /</subfield>
         <subfield code="r">Helga Köhler.</subfield>
      </datafield>
      <datafield tag="600" ind1="0" ind2="0">
         <subfield code="a">Sidonius Apollinaris,</subfield>
         <subfield code="c">Saint,</subfield>
         <subfield code="d">431 or 432-approximately 487</subfield>
         <subfield code="x">Criticism and interpretation</subfield>
         <subfield code="v">Congresses.</subfield>
      </datafield>
      <datafield tag="600" ind1="1" ind2="4">
         <subfield code="a">Sidonius Apollinaris,</subfield>
         <subfield code="c">Saint,</subfield>
         <subfield code="d">431 or 432-approximately 487.</subfield>
      </datafield>
      <datafield tag="600" ind1="0" ind2="7">
         <subfield code="a">Sidonius Apollinaris,</subfield>
         <subfield code="c">Saint,</subfield>
         <subfield code="d">431 or 432-approximately 487.</subfield>
         <subfield code="2">fast</subfield>
         <subfield code="0">(OCoLC)fst01847475</subfield>
      </datafield>
      <datafield tag="600" ind1="1" ind2="7">
         <subfield code="a">Sidonius, Gaius Sollius Apollinaris,</subfield>
         <subfield code="d">431-487.</subfield>
         <subfield code="0">(DE-588)118797069</subfield>
         <subfield code="2">gnd</subfield>
      </datafield>
      <datafield tag="600" ind1="0" ind2="7">
         <subfield code="a">Sidoine Apollinaire.</subfield>
         <subfield code="2">rero</subfield>
      </datafield>
      <datafield tag="655" ind1=" " ind2="7">
         <subfield code="a">Conference papers and proceedings.</subfield>
         <subfield code="2">fast</subfield>
         <subfield code="0">(OCoLC)fst01423772</subfield>
      </datafield>
      <datafield tag="655" ind1=" " ind2="7">
         <subfield code="a">Criticism, interpretation, etc.</subfield>
         <subfield code="2">fast</subfield>
         <subfield code="0">(OCoLC)fst01411635</subfield>
      </datafield>
      <datafield tag="796" ind1="1" ind2=" ">
         <subfield code="a">Garsoïan, Nina G.,</subfield>
         <subfield code="d">1923-</subfield>
         <subfield code="e">former owner.</subfield>
      </datafield>
      <datafield tag="797" ind1="2" ind2=" ">
         <subfield code="a">Garsoïan Collection.</subfield>
      </datafield>
      <datafield tag="700" ind1="1" ind2=" ">
         <subfield code="a">Waarden, J. A. van</subfield>
         <subfield code="q">(Joop A. van)</subfield>
      </datafield>
      <datafield tag="700" ind1="1" ind2=" ">
         <subfield code="a">Kelly, Gavin,</subfield>
         <subfield code="d">1974-</subfield>
      </datafield>
      <datafield tag="830" ind1=" " ind2="0">
         <subfield code="a">Late antique history and religion ;</subfield>
         <subfield code="v">7.</subfield>
      </datafield>
      <datafield tag="OWN" ind1=" " ind2=" ">
         <subfield code="a">GENERAL</subfield>
      </datafield>
      <datafield tag="AVA" ind1=" " ind2=" ">
         <subfield code="a">NYU50</subfield>
         <subfield code="b">BOBST</subfield>
         <subfield code="c">Main Collection</subfield>
         <subfield code="d">PA6694.S8 N48 2013</subfield>
         <subfield code="e">available</subfield>
         <subfield code="t">Available</subfield>
         <subfield code="f">1</subfield>
         <subfield code="g">0</subfield>
         <subfield code="h">N</subfield>
         <subfield code="i">0</subfield>
         <subfield code="j">MAIN</subfield>
         <subfield code="k">0</subfield>
      </datafield>
      <datafield tag="AVA" ind1=" " ind2=" ">
         <subfield code="a">NYU50</subfield>
         <subfield code="b">NISAW</subfield>
         <subfield code="c">Small Collection</subfield>
         <subfield code="d">PA6694.S8 N48 2013 Non-circulating</subfield>
         <subfield code="e">available</subfield>
         <subfield code="t">Available</subfield>
         <subfield code="f">1</subfield>
         <subfield code="g">0</subfield>
         <subfield code="h">N</subfield>
         <subfield code="i">0</subfield>
         <subfield code="j">SMALL</subfield>
         <subfield code="k">0</subfield>
      </datafield>
      <marc:datafield tag="852" ind1=" " ind2=" ">
         <marc:subfield code="b">Institute for the Study of the Ancient World, </marc:subfield>
         <marc:subfield code="c">Small Collection</marc:subfield>
         <marc:subfield code="e">15 East 84th St., </marc:subfield>
         <marc:subfield code="e">New York, NY  10028</marc:subfield>
      </marc:datafield>
   </record>