
  
  
  
  
  
  
  
  
  
  
 
  
  <record xsi:schemaLocation="http://www.loc.gov/MARC21/slim http://www.loc.gov/standards/marcxml/schema/MARC21slim.xsd">
      <leader>00000cam a2200433Ii 4500</leader>
      <controlfield tag="FMT">BK</controlfield>
      <controlfield tag="LDR">00000cam a2200433Ii 4500</controlfield>
      <controlfield tag="001">004491417</controlfield>
      <controlfield tag="003">OCoLC</controlfield>
      <controlfield tag="005">20161014123651.0</controlfield>
      <controlfield tag="008">161014t20162016maua     b    101 0 eng d</controlfield>
      <datafield tag="020" ind1=" " ind2=" ">
         <subfield code="a">9781614519133</subfield>
         <subfield code="q">(hardcover)</subfield>
      </datafield>
      <datafield tag="020" ind1=" " ind2=" ">
         <subfield code="z">9781614519089</subfield>
         <subfield code="q">(ebook : PDF)</subfield>
      </datafield>
      <datafield tag="020" ind1=" " ind2=" ">
         <subfield code="z">9781614519973</subfield>
         <subfield code="q">(ebook : EPUB)</subfield>
      </datafield>
      <datafield tag="020" ind1=" " ind2=" ">
         <subfield code="a">1614519137</subfield>
      </datafield>
      <datafield tag="035" ind1=" " ind2=" ">
         <subfield code="a">(OCoLC)931648655</subfield>
      </datafield>
      <datafield tag="040" ind1=" " ind2=" ">
         <subfield code="a">BTCTA</subfield>
         <subfield code="b">eng</subfield>
         <subfield code="c">BTCTA</subfield>
         <subfield code="d">YDXCP</subfield>
         <subfield code="d">OCLCQ</subfield>
         <subfield code="d">GBVCP</subfield>
         <subfield code="d">OHX</subfield>
         <subfield code="d">YDX</subfield>
         <subfield code="d">OCLCO</subfield>
         <subfield code="d">ZYU</subfield>
      </datafield>
      <datafield tag="043" ind1=" " ind2=" ">
         <subfield code="a">aw-----</subfield>
      </datafield>
      <datafield tag="050" ind1=" " ind2="4">
         <subfield code="a">HQ1137.M628</subfield>
         <subfield code="b">R65 2016</subfield>
      </datafield>
      <datafield tag="082" ind1="0" ind2="4">
         <subfield code="a">100#DNB</subfield>
      </datafield>
      <datafield tag="245" ind1="0" ind2="4">
         <subfield code="a">The role of women in work and society in the ancient Near East /</subfield>
         <subfield code="c">edited by Brigitte Lion and Cécile Michel.</subfield>
      </datafield>
      <datafield tag="264" ind1=" " ind2="1">
         <subfield code="a">Boston :</subfield>
         <subfield code="b">De Gruyter</subfield>
         <subfield code="c">[2016].</subfield>
      </datafield>
      <datafield tag="264" ind1=" " ind2="4">
         <subfield code="c">©2016</subfield>
      </datafield>
      <datafield tag="300" ind1=" " ind2=" ">
         <subfield code="a">xi, 574 pages :</subfield>
         <subfield code="b">black-and-white illustrations ;</subfield>
         <subfield code="c">24 cm.</subfield>
      </datafield>
      <datafield tag="336" ind1=" " ind2=" ">
         <subfield code="a">text</subfield>
         <subfield code="b">txt</subfield>
         <subfield code="2">rdacontent</subfield>
      </datafield>
      <datafield tag="337" ind1=" " ind2=" ">
         <subfield code="a">unmediated</subfield>
         <subfield code="b">n</subfield>
         <subfield code="2">rdamedia</subfield>
      </datafield>
      <datafield tag="338" ind1=" " ind2=" ">
         <subfield code="a">volume</subfield>
         <subfield code="b">nc</subfield>
         <subfield code="2">rdacarrier</subfield>
      </datafield>
      <datafield tag="490" ind1="1" ind2=" ">
         <subfield code="a">Studies in ancient Near Eastern records ;</subfield>
         <subfield code="v">volume 13</subfield>
      </datafield>
      <datafield tag="500" ind1=" " ind2=" ">
         <subfield code="a">Proceedings of a conference held at the Maison de l'Archéoligie et de l'Ethnologie René-Ginouvès, Nanterre, France, November 5-7, 2014.</subfield>
      </datafield>
      <datafield tag="505" ind1="0" ind2="0">
         <subfield code="t">Women and Work in the Ancient Near East: An introduction /</subfield>
         <subfield code="r">Brigitte Lion and Cécile Michel --</subfield>
         <subfield code="t">Weaving, Potting, Churning : Women at work during the Uruk period : Evidence from the cylinder seals /</subfield>
         <subfield code="r">Catherine Brinquet --</subfield>
         <subfield code="t">Representation of Women in Mesopotamian Lexical Lists /</subfield>
         <subfield code="r">Camille Lecompte --</subfield>
         <subfield code="t">Women and Land in the Presargonic Lagaš Corpus /</subfield>
         <subfield code="r">Fumi Karahashi --</subfield>
         <subfield code="t">The Role of Women in Work and Society in the Ebla Kingdom (Syria, 24th century BC) /</subfield>
         <subfield code="r">Maria Giovanna Biga --</subfield>
         <subfield code="t">Women and Production in Sargonic Adab /</subfield>
         <subfield code="r">Massimo Maiocchi --</subfield>
         <subfield code="t">Professional Women and Women at Work in Mesopotamia and Syria (3rd and early 2nd millennia BC) : The (rare) information from visual images /</subfield>
         <subfield code="r">Adelheid Otto --</subfield>
         <subfield code="t">Women at Work and Women in Economy and Society during the Neo-Sumerian Period /</subfield>
         <subfield code="r">Bertrand Lafont --</subfield>
         <subfield code="t">The Sex-Based Division of Work versus Intersectionality : Some strategies for engendering the Ur III textile work force /</subfield>
         <subfield code="r">Agnès Garcia-Ventura --</subfield>
      </datafield>
      <datafield tag="505" ind1="0" ind2="0">
         <subfield code="9"/>
         <subfield code="t">Women Work, Men are Professionals in the Old Assyrian Archives /</subfield>
         <subfield code="r">Cécile Michel --</subfield>
         <subfield code="t">The Job of Sex : The social and economic role of prostitutes in ancient Mesopotamia /</subfield>
         <subfield code="r">Jerrold S. Cooper --</subfield>
         <subfield code="t">"She is not fit for womanhood" : The Ideal Housewife According to Sumerian Literary Texts /</subfield>
         <subfield code="r">Jana Matuszak --</subfield>
         <subfield code="t">Economic Activities of nadītum-Women of Šamaš Reflected in the Field Sale Contracts (MHET II/1</subfield>
      </datafield>
      <datafield tag="505" ind1="0" ind2="0">
         <subfield code="9"/>
         <subfield code="t">The kubuddā'u-Gift in the Emar Texts /</subfield>
         <subfield code="r">Masamichi Yamada --</subfield>
         <subfield code="t">Women in Elamite Royal Inscriptions : Some observations /</subfield>
         <subfield code="r">Eiko Matsushima --</subfield>
         <subfield code="t">Women and their Activities in Divinatory Texts /</subfield>
         <subfield code="r">Virginie Muller --</subfield>
         <subfield code="t">Studying Gender : A Case study of female administrators in Neo-Assyrian palaces /</subfield>
         <subfield code="r">Saana Svärd --</subfield>
         <subfield code="t">Historiography on Studies Dedicated to Women and Economy during the Neo-Babylonian Period /</subfield>
         <subfield code="r">Francis Joannès --</subfield>
         <subfield code="t">Invisible Workers : The role of women in textile production during the 1st millennium BC /</subfield>
         <subfield code="r">Louise Quillien --</subfield>
         <subfield code="t">Economic Activities of Women in 1st Millennium Babylonia /</subfield>
         <subfield code="r">Yoko Watai --</subfield>
         <subfield code="t">Beauty Experts : Female perfume-makers in the 1st millennium BC /</subfield>
         <subfield code="r">Laura Cousin --</subfield>
         <subfield code="t">Women and Prebends in Seleucid Uruk /</subfield>
         <subfield code="r">Julien Monerie --</subfield>
         <subfield code="t">Women and the Economic History of the Ancient Greek World : Still a challenge for gender studies /</subfield>
         <subfield code="r">Violaine Sebillotte Cuchet.</subfield>
      </datafield>
      <datafield tag="650" ind1=" " ind2="0">
         <subfield code="a">Women</subfield>
         <subfield code="z">Middle East</subfield>
         <subfield code="x">History</subfield>
         <subfield code="y">To 1500</subfield>
         <subfield code="v">Congresses.</subfield>
      </datafield>
      <datafield tag="651" ind1=" " ind2="0">
         <subfield code="a">Middle East</subfield>
         <subfield code="x">Civilization</subfield>
         <subfield code="y">To 622</subfield>
         <subfield code="v">Congresses.</subfield>
      </datafield>
      <datafield tag="700" ind1="1" ind2=" ">
         <subfield code="a">Lion, Brigitte,</subfield>
         <subfield code="e">editor.</subfield>
      </datafield>
      <datafield tag="700" ind1="1" ind2=" ">
         <subfield code="a">Michel, Cécile,</subfield>
         <subfield code="e">editor.</subfield>
      </datafield>
      <datafield tag="830" ind1=" " ind2="0">
         <subfield code="a">Studies in ancient Near Eastern records ;</subfield>
         <subfield code="v">v. 13.</subfield>
      </datafield>
      <datafield tag="994" ind1=" " ind2=" ">
         <subfield code="a">Z0</subfield>
         <subfield code="b">ZYU</subfield>
      </datafield>
      <datafield tag="OWN" ind1=" " ind2=" ">
         <subfield code="a">GENERAL</subfield>
      </datafield>
      <datafield tag="AVA" ind1=" " ind2=" ">
         <subfield code="a">NYU50</subfield>
         <subfield code="b">NISAW</subfield>
         <subfield code="c">Small Collection</subfield>
         <subfield code="d">HQ1137.M628 R65 2016 Non-circulating</subfield>
         <subfield code="e">available</subfield>
         <subfield code="t">Available</subfield>
         <subfield code="f">1</subfield>
         <subfield code="g">0</subfield>
         <subfield code="h">N</subfield>
         <subfield code="i">0</subfield>
         <subfield code="j">SMALL</subfield>
         <subfield code="k">0</subfield>
      </datafield>
      <marc:datafield tag="852" ind1=" " ind2=" ">
         <marc:subfield code="b">Institute for the Study of the Ancient World, </marc:subfield>
         <marc:subfield code="c">Small Collection</marc:subfield>
         <marc:subfield code="e">15 East 84th St., </marc:subfield>
         <marc:subfield code="e">New York, NY  10028</marc:subfield>
      </marc:datafield>
   </record>