
  
  
  
  
  
  
  
  
  
 
  
  <record xsi:schemaLocation="http://www.loc.gov/MARC21/slim http://www.loc.gov/standards/marcxml/schema/MARC21slim.xsd">
      <leader>00000cam a2200985 i 4500</leader>
      <controlfield tag="FMT">BK</controlfield>
      <controlfield tag="LDR">00000cam a2200985 i 4500</controlfield>
      <controlfield tag="001">004491432</controlfield>
      <controlfield tag="003">OCoLC</controlfield>
      <controlfield tag="005">20161014133730.0</controlfield>
      <controlfield tag="008">161014t20162016maua     b    001 0 eng c</controlfield>
      <datafield tag="010" ind1=" " ind2=" ">
         <subfield code="a">2015957358</subfield>
      </datafield>
      <datafield tag="020" ind1=" " ind2=" ">
         <subfield code="a">9780674996540</subfield>
         <subfield code="q">(volume I)</subfield>
      </datafield>
      <datafield tag="020" ind1=" " ind2=" ">
         <subfield code="a">0674996542</subfield>
         <subfield code="q">(volume I)</subfield>
      </datafield>
      <datafield tag="020" ind1=" " ind2=" ">
         <subfield code="a">9780674996892</subfield>
         <subfield code="q">(volume II)</subfield>
      </datafield>
      <datafield tag="020" ind1=" " ind2=" ">
         <subfield code="a">0674996895</subfield>
         <subfield code="q">(volume II)</subfield>
      </datafield>
      <datafield tag="020" ind1=" " ind2=" ">
         <subfield code="a">9780674996915</subfield>
         <subfield code="q">(volume III)</subfield>
      </datafield>
      <datafield tag="020" ind1=" " ind2=" ">
         <subfield code="a">0674996917</subfield>
         <subfield code="q">(volume III)</subfield>
      </datafield>
      <datafield tag="020" ind1=" " ind2=" ">
         <subfield code="a">9780674996922</subfield>
         <subfield code="q">(volume IV)</subfield>
      </datafield>
      <datafield tag="020" ind1=" " ind2=" ">
         <subfield code="a">0674996925</subfield>
         <subfield code="q">(volume IV)</subfield>
      </datafield>
      <datafield tag="020" ind1=" " ind2=" ">
         <subfield code="a">9780674997066</subfield>
         <subfield code="q">(volume V)</subfield>
      </datafield>
      <datafield tag="020" ind1=" " ind2=" ">
         <subfield code="a">0674997069</subfield>
         <subfield code="q">(volume V)</subfield>
      </datafield>
      <datafield tag="020" ind1=" " ind2=" ">
         <subfield code="a">9780674997073</subfield>
         <subfield code="q">(volume VI)</subfield>
      </datafield>
      <datafield tag="020" ind1=" " ind2=" ">
         <subfield code="a">0674997077</subfield>
         <subfield code="q">(volume VI)</subfield>
      </datafield>
      <datafield tag="020" ind1=" " ind2=" ">
         <subfield code="a">9780674997080</subfield>
         <subfield code="q">(volume VII)</subfield>
      </datafield>
      <datafield tag="020" ind1=" " ind2=" ">
         <subfield code="a">0674997085</subfield>
         <subfield code="q">(volume VII)</subfield>
      </datafield>
      <datafield tag="020" ind1=" " ind2=" ">
         <subfield code="a">9780674997097</subfield>
         <subfield code="q">(volume VIII)</subfield>
      </datafield>
      <datafield tag="020" ind1=" " ind2=" ">
         <subfield code="a">0674997093</subfield>
         <subfield code="q">(volume VIII)</subfield>
      </datafield>
      <datafield tag="020" ind1=" " ind2=" ">
         <subfield code="a">9780674997103</subfield>
         <subfield code="q">(volume IX)</subfield>
      </datafield>
      <datafield tag="020" ind1=" " ind2=" ">
         <subfield code="a">0674997107</subfield>
         <subfield code="q">(volume IX)</subfield>
      </datafield>
      <datafield tag="028" ind1="5" ind2="1">
         <subfield code="a">LCL 524</subfield>
         <subfield code="q">(volume I)</subfield>
      </datafield>
      <datafield tag="028" ind1="5" ind2="1">
         <subfield code="a">LCL 525</subfield>
         <subfield code="q">(volume II)</subfield>
      </datafield>
      <datafield tag="028" ind1="5" ind2="1">
         <subfield code="a">LCL 526</subfield>
         <subfield code="q">(volume III)</subfield>
      </datafield>
      <datafield tag="028" ind1="5" ind2="1">
         <subfield code="a">LCL 527</subfield>
         <subfield code="q">(volume IV)</subfield>
      </datafield>
      <datafield tag="028" ind1="5" ind2="1">
         <subfield code="a">LCL 528</subfield>
         <subfield code="q">(volume V)</subfield>
      </datafield>
      <datafield tag="028" ind1="5" ind2="1">
         <subfield code="a">LCL 529</subfield>
         <subfield code="q">(volume VI)</subfield>
      </datafield>
      <datafield tag="028" ind1="5" ind2="1">
         <subfield code="a">LCL 530</subfield>
         <subfield code="q">(volume VII)</subfield>
      </datafield>
      <datafield tag="028" ind1="5" ind2="1">
         <subfield code="a">LCL 531</subfield>
         <subfield code="q">(volume VIII)</subfield>
      </datafield>
      <datafield tag="028" ind1="5" ind2="1">
         <subfield code="a">LCL 532</subfield>
         <subfield code="q">(volume IX)</subfield>
      </datafield>
      <datafield tag="035" ind1=" " ind2=" ">
         <subfield code="a">(OCoLC)960452290</subfield>
      </datafield>
      <datafield tag="040" ind1=" " ind2=" ">
         <subfield code="a">NHI</subfield>
         <subfield code="b">eng</subfield>
         <subfield code="e">rda</subfield>
         <subfield code="c">NHI</subfield>
         <subfield code="d">PBU</subfield>
         <subfield code="d">IIB</subfield>
         <subfield code="d">OSU</subfield>
         <subfield code="d">XII</subfield>
      </datafield>
      <datafield tag="041" ind1="1" ind2=" ">
         <subfield code="a">eng</subfield>
         <subfield code="a">grc</subfield>
         <subfield code="h">grc</subfield>
      </datafield>
      <datafield tag="042" ind1=" " ind2=" ">
         <subfield code="a">pcc</subfield>
      </datafield>
      <datafield tag="043" ind1=" " ind2=" ">
         <subfield code="a">e-gr---</subfield>
         <subfield code="a">a-tu---</subfield>
      </datafield>
      <datafield tag="050" ind1=" " ind2="4">
         <subfield code="a">B171</subfield>
         <subfield code="b">.E27 2016</subfield>
      </datafield>
      <datafield tag="050" ind1=" " ind2="4">
         <subfield code="a">B165</subfield>
         <subfield code="b">.E27 2016</subfield>
      </datafield>
      <datafield tag="082" ind1=" " ind2=" ">
         <subfield code="a">182</subfield>
         <subfield code="b">23</subfield>
      </datafield>
      <datafield tag="090" ind1=" " ind2=" ">
         <subfield code="a">PA3612.A22</subfield>
         <subfield code="b">A225 2016</subfield>
      </datafield>
      <datafield tag="245" ind1="0" ind2="0">
         <subfield code="a">Early Greek philosophy /</subfield>
         <subfield code="c">edited and translated by André Laks and Glenn W. Most ; in collaboration with Gérard Journée ; and assisted by Leopoldo Iribarren and David Lévystone.</subfield>
      </datafield>
      <datafield tag="264" ind1=" " ind2="1">
         <subfield code="a">Cambridge, Massachusetts ;</subfield>
         <subfield code="a">London, England :</subfield>
         <subfield code="b">Harvard University Press,</subfield>
         <subfield code="c">2016.</subfield>
      </datafield>
      <datafield tag="264" ind1=" " ind2="4">
         <subfield code="c">©2016</subfield>
      </datafield>
      <datafield tag="300" ind1=" " ind2=" ">
         <subfield code="a">9 volumes :</subfield>
         <subfield code="b">illustrations ;</subfield>
         <subfield code="c">17 cm</subfield>
      </datafield>
      <datafield tag="336" ind1=" " ind2=" ">
         <subfield code="a">text</subfield>
         <subfield code="b">txt</subfield>
         <subfield code="2">rdacontent</subfield>
      </datafield>
      <datafield tag="337" ind1=" " ind2=" ">
         <subfield code="a">unmediated</subfield>
         <subfield code="b">n</subfield>
         <subfield code="2">rdamedia</subfield>
      </datafield>
      <datafield tag="338" ind1=" " ind2=" ">
         <subfield code="a">volume</subfield>
         <subfield code="b">nc</subfield>
         <subfield code="2">rdacarrier</subfield>
      </datafield>
      <datafield tag="490" ind1="1" ind2=" ">
         <subfield code="a">Loeb classical library ;</subfield>
         <subfield code="v">524-532</subfield>
      </datafield>
      <datafield tag="546" ind1=" " ind2=" ">
         <subfield code="a">Texts in Greek with English translations on facing pages; introductions and notes in English.</subfield>
      </datafield>
      <datafield tag="520" ind1=" " ind2=" ">
         <subfield code="a">"The works of the early Greek philosophers are not only a fundamental source for understanding archaic Greek culture and the whole of ancient philosophy, but also a perennially fresh resource that has stimulated Western thought until the present day. This nine-volume edition presents all the major fragments from the sixth to the fourth centuries BC."--</subfield>
         <subfield code="c">Provided by publisher.</subfield>
      </datafield>
      <datafield tag="504" ind1=" " ind2=" ">
         <subfield code="a">Includes bibliographical references and indexes.</subfield>
      </datafield>
      <datafield tag="505" ind1="0" ind2="0">
         <subfield code="g">v. 1.</subfield>
         <subfield code="t">Introductory and reference materials --</subfield>
         <subfield code="g">v. 2.</subfield>
         <subfield code="t">Beginnings and early Ionian thinkers, part 1 --</subfield>
         <subfield code="g">v. 3.</subfield>
         <subfield code="t">Early Ionian thinkers, part 2 --</subfield>
         <subfield code="g">v. 4.</subfield>
         <subfield code="t">Western Greek thinkers, part 1 --</subfield>
         <subfield code="g">v. 5.</subfield>
         <subfield code="t">Western Greek thinkers, part 2 --</subfield>
         <subfield code="g">v. 6.</subfield>
         <subfield code="t">Later Ionian and Athenian thinkers, part 1 --</subfield>
         <subfield code="g">v. 7.</subfield>
         <subfield code="t">Later Ionian and Athenian thinkers, part 2 --</subfield>
         <subfield code="g">v. 8.</subfield>
         <subfield code="t">Sophists, part 1 --</subfield>
         <subfield code="g">v. 9.</subfield>
         <subfield code="t">Sophists, part 2.</subfield>
      </datafield>
      <datafield tag="504" ind1=" " ind2=" ">
         <subfield code="a">Includes bibliographical references.</subfield>
      </datafield>
      <datafield tag="650" ind1=" " ind2="0">
         <subfield code="a">Philosophy, Ancient.</subfield>
      </datafield>
      <datafield tag="650" ind1=" " ind2="0">
         <subfield code="a">Philosophers, Ancient.</subfield>
      </datafield>
      <datafield tag="650" ind1=" " ind2="0">
         <subfield code="a">Sophists (Greek philosophy)</subfield>
      </datafield>
      <datafield tag="650" ind1=" " ind2="0">
         <subfield code="a">Pre-Socratic philosophers</subfield>
         <subfield code="z">Ionia (Turkey and Greece)</subfield>
      </datafield>
      <datafield tag="650" ind1=" " ind2="0">
         <subfield code="a">Pre-Socratic philosophers</subfield>
         <subfield code="z">Greece</subfield>
         <subfield code="z">Athens.</subfield>
      </datafield>
      <datafield tag="651" ind1=" " ind2="0">
         <subfield code="a">Greece</subfield>
         <subfield code="x">Civilization</subfield>
         <subfield code="y">To 146 B.C.</subfield>
      </datafield>
      <datafield tag="700" ind1="1" ind2=" ">
         <subfield code="a">Laks, André,</subfield>
         <subfield code="e">editor,</subfield>
         <subfield code="e">translator.</subfield>
      </datafield>
      <datafield tag="700" ind1="1" ind2=" ">
         <subfield code="a">Most, Glenn W.,</subfield>
         <subfield code="e">editor,</subfield>
         <subfield code="e">translator.</subfield>
      </datafield>
      <datafield tag="700" ind1="1" ind2=" ">
         <subfield code="a">Journée, Gérard.</subfield>
      </datafield>
      <datafield tag="700" ind1="1" ind2=" ">
         <subfield code="a">Iribarren, Leopoldo.</subfield>
      </datafield>
      <datafield tag="700" ind1="1" ind2=" ">
         <subfield code="a">Lévystone, David,</subfield>
         <subfield code="d">1979-</subfield>
      </datafield>
      <datafield tag="740" ind1="0" ind2="2">
         <subfield code="a">Beginnings and early Ionian thinkers.</subfield>
      </datafield>
      <datafield tag="740" ind1="0" ind2="2">
         <subfield code="a">Early Ionian thinkers.</subfield>
      </datafield>
      <datafield tag="740" ind1="0" ind2="2">
         <subfield code="a">Western Greek thinkers.</subfield>
      </datafield>
      <datafield tag="740" ind1="0" ind2="2">
         <subfield code="a">Later Ionian and Athenian thinkers.</subfield>
      </datafield>
      <datafield tag="740" ind1="0" ind2="2">
         <subfield code="a">Sophists.</subfield>
      </datafield>
      <datafield tag="830" ind1=" " ind2="0">
         <subfield code="a">Loeb classical library ;</subfield>
         <subfield code="v">524.</subfield>
      </datafield>
      <datafield tag="830" ind1=" " ind2="0">
         <subfield code="a">Loeb classical library ;</subfield>
         <subfield code="v">525.</subfield>
      </datafield>
      <datafield tag="830" ind1=" " ind2="0">
         <subfield code="a">Loeb classical library ;</subfield>
         <subfield code="v">526.</subfield>
      </datafield>
      <datafield tag="830" ind1=" " ind2="0">
         <subfield code="a">Loeb classical library ;</subfield>
         <subfield code="v">527.</subfield>
      </datafield>
      <datafield tag="830" ind1=" " ind2="0">
         <subfield code="a">Loeb classical library ;</subfield>
         <subfield code="v">528.</subfield>
      </datafield>
      <datafield tag="830" ind1=" " ind2="0">
         <subfield code="a">Loeb classical library ;</subfield>
         <subfield code="v">529.</subfield>
      </datafield>
      <datafield tag="830" ind1=" " ind2="0">
         <subfield code="a">Loeb classical library ;</subfield>
         <subfield code="v">530.</subfield>
      </datafield>
      <datafield tag="830" ind1=" " ind2="0">
         <subfield code="a">Loeb classical library ;</subfield>
         <subfield code="v">531.</subfield>
      </datafield>
      <datafield tag="830" ind1=" " ind2="0">
         <subfield code="a">Loeb classical library ;</subfield>
         <subfield code="v">532.</subfield>
      </datafield>
      <datafield tag="994" ind1=" " ind2=" ">
         <subfield code="a">Z0</subfield>
         <subfield code="b">ZYU</subfield>
      </datafield>
      <datafield tag="OWN" ind1=" " ind2=" ">
         <subfield code="a">GENERAL</subfield>
      </datafield>
      <datafield tag="AVA" ind1=" " ind2=" ">
         <subfield code="a">NYU50</subfield>
         <subfield code="b">NISAW</subfield>
         <subfield code="c">Reference 3 Collection</subfield>
         <subfield code="d">PA3612.A22 A225 2016 Non-circulating</subfield>
         <subfield code="e">available</subfield>
         <subfield code="t">Available</subfield>
         <subfield code="f">9</subfield>
         <subfield code="g">0</subfield>
         <subfield code="h">Y</subfield>
         <subfield code="i">0</subfield>
         <subfield code="j">REF3</subfield>
         <subfield code="k">0</subfield>
      </datafield>
      <marc:datafield tag="852" ind1=" " ind2=" ">
         <marc:subfield code="b">Institute for the Study of the Ancient World, </marc:subfield>
         <marc:subfield code="c">Reference 3 Collection</marc:subfield>
         <marc:subfield code="e">15 East 84th St., </marc:subfield>
         <marc:subfield code="e">New York, NY  10028</marc:subfield>
      </marc:datafield>
   </record>