
  
  
  
  
  
  
  
  
  
 
  
  <record xsi:schemaLocation="http://www.loc.gov/MARC21/slim http://www.loc.gov/standards/marcxml/schema/MARC21slim.xsd">
      <leader>00000cam a2200601 i 4500</leader>
      <controlfield tag="FMT">BK</controlfield>
      <controlfield tag="LDR">00000cam a2200601 i 4500</controlfield>
      <controlfield tag="001">004001333</controlfield>
      <controlfield tag="003">OCoLC</controlfield>
      <controlfield tag="005">20161017114609.0</controlfield>
      <controlfield tag="008">131009s2014    cauab    b    000 0 eng</controlfield>
      <datafield tag="010" ind1=" " ind2=" ">
         <subfield code="a">2013037648</subfield>
      </datafield>
      <datafield tag="020" ind1=" " ind2=" ">
         <subfield code="a">9781568592985</subfield>
         <subfield code="q">(alkaline paper)</subfield>
      </datafield>
      <datafield tag="020" ind1=" " ind2=" ">
         <subfield code="a">1568592981</subfield>
         <subfield code="q">(alkaline paper)</subfield>
      </datafield>
      <datafield tag="020" ind1=" " ind2=" ">
         <subfield code="z">1568592981</subfield>
      </datafield>
      <datafield tag="024" ind1="0" ind2=" ">
         <subfield code="z">9781568592985</subfield>
      </datafield>
      <datafield tag="024" ind1="8" ind2=" ">
         <subfield code="a">40023904625</subfield>
      </datafield>
      <datafield tag="035" ind1="7" ind2=" ">
         <subfield code="a">ybp10172841</subfield>
      </datafield>
      <datafield tag="035" ind1=" " ind2=" ">
         <subfield code="a">(OCoLC)861335203</subfield>
         <subfield code="z">(OCoLC)854497843</subfield>
         <subfield code="z">(OCoLC)882540309</subfield>
         <subfield code="z">(OCoLC)911952669</subfield>
      </datafield>
      <datafield tag="040" ind1=" " ind2=" ">
         <subfield code="a">DLC</subfield>
         <subfield code="b">eng</subfield>
         <subfield code="e">rda</subfield>
         <subfield code="c">DLC</subfield>
         <subfield code="d">YDXCP</subfield>
         <subfield code="d">BTCTA</subfield>
         <subfield code="d">NDD</subfield>
         <subfield code="d">MEAUC</subfield>
         <subfield code="d">OCLCF</subfield>
         <subfield code="d">YUS</subfield>
         <subfield code="d">OCLCO</subfield>
         <subfield code="d">CHVBK</subfield>
         <subfield code="d">CDX</subfield>
         <subfield code="d">OCLCQ</subfield>
         <subfield code="d">ZYU</subfield>
      </datafield>
      <datafield tag="042" ind1=" " ind2=" ">
         <subfield code="a">pcc</subfield>
      </datafield>
      <datafield tag="043" ind1=" " ind2=" ">
         <subfield code="a">a-ir---</subfield>
      </datafield>
      <datafield tag="050" ind1="0" ind2="0">
         <subfield code="a">DS281</subfield>
         <subfield code="b">.E82 2014</subfield>
      </datafield>
      <datafield tag="082" ind1="0" ind2="0">
         <subfield code="a">935/.7</subfield>
         <subfield code="2">23</subfield>
      </datafield>
      <datafield tag="245" ind1="0" ind2="0">
         <subfield code="a">Excavating an empire :</subfield>
         <subfield code="b">Achaemenid Persia in Longue Durée /</subfield>
         <subfield code="c">edited by Touraj Daryaee, Ali Mousavi and Khodadad Rezakhani.</subfield>
      </datafield>
      <datafield tag="264" ind1=" " ind2="1">
         <subfield code="a">Costa Mesa, California :</subfield>
         <subfield code="b">Mazda Publishers,</subfield>
         <subfield code="c">2014.</subfield>
      </datafield>
      <datafield tag="300" ind1=" " ind2=" ">
         <subfield code="a">ix, 232 pages :</subfield>
         <subfield code="b">illustrations, maps ;</subfield>
         <subfield code="c">29 cm</subfield>
      </datafield>
      <datafield tag="336" ind1=" " ind2=" ">
         <subfield code="a">text</subfield>
         <subfield code="b">txt</subfield>
         <subfield code="2">rdacontent</subfield>
      </datafield>
      <datafield tag="337" ind1=" " ind2=" ">
         <subfield code="a">unmediated</subfield>
         <subfield code="b">n</subfield>
         <subfield code="2">rdamedia</subfield>
      </datafield>
      <datafield tag="338" ind1=" " ind2=" ">
         <subfield code="a">volume</subfield>
         <subfield code="b">nc</subfield>
         <subfield code="2">rdacarrier</subfield>
      </datafield>
      <datafield tag="504" ind1=" " ind2=" ">
         <subfield code="a">Includes bibliographical references.</subfield>
      </datafield>
      <datafield tag="505" ind1="0" ind2="0">
         <subfield code="g">Part I.</subfield>
         <subfield code="t">History.</subfield>
         <subfield code="t">The Achaemenid Empire in the Context of World History (550-330 BCE) /</subfield>
         <subfield code="r">T. Daryaee and Kh. Rezakhani --</subfield>
         <subfield code="t">Designation of the Empire and Its Political Concepts of Darius I according to Old Persian Records /</subfield>
         <subfield code="r">C. Herrenschmidt -- t "An Admirer of Persian Ways" : Alexander the Great's Reforms in Parthia-Hyrcania and the Iranian Heritage /</subfield>
         <subfield code="r">M.J. Olbrycht --</subfield>
         <subfield code="t">Darius the First, the Ninth King /</subfield>
         <subfield code="r">M. Waters.</subfield>
         <subfield code="g">Part II.</subfield>
         <subfield code="t">Archaeology and Material Culture.</subfield>
         <subfield code="t">The Pre-Imperial Persians at the Land of Anshan : Some Preliminary Observations /</subfield>
         <subfield code="r">K. Abdi &amp; M.-T. Atayi --</subfield>
         <subfield code="t">The Cultural Heritage of the Aristocracy of Persis during the Hellenistic Period /</subfield>
         <subfield code="r">P. Callieri --</subfield>
         <subfield code="t">The Achaemenid Coinage : Regal and Satrapal Coins /</subfield>
         <subfield code="r">A. Gariboldi --</subfield>
         <subfield code="t">Sailing to Pasargadae /</subfield>
         <subfield code="r">D.T. Potts --</subfield>
         <subfield code="t">The Palace Architecture of the Achaemenids under Scrutiny : an Approach to the Problem of its Origin /</subfield>
         <subfield code="r">A. Tourovetz --</subfield>
         <subfield code="r">Landscape, Sources and Architecture at the Archaeological Remains of Achaemenid Sīstān (East Iran) : Dahān-i Gholāmān /</subfield>
         <subfield code="r">B. Genito.</subfield>
         <subfield code="g">Part III.</subfield>
         <subfield code="t">Religion and Culture.</subfield>
         <subfield code="t">Ancestors, Corpses, Kings, and the Land : Symbolic Constructs in Ancient India and Iran /</subfield>
         <subfield code="r">B. Lincoln --</subfield>
         <subfield code="t">The Achaemenian Power Between Tolerance and Authoritarianism : Possible or Impossible Comparison with Modern Phenomena /</subfield>
         <subfield code="r">A. Panaino --</subfield>
         <subfield code="t">"Excellence in Soul and Nobly Bred to Grandeur" : Contemporary External Texts Relating to Achaemenid Belief and Practice /</subfield>
         <subfield code="r">J. Rose.</subfield>
         <subfield code="g">Part IV.</subfield>
         <subfield code="t">Remembering the Achaemenids.</subfield>
         <subfield code="t">Ancient Persia in Cinema /</subfield>
         <subfield code="r">W. Soward.</subfield>
      </datafield>
      <datafield tag="600" ind1="3" ind2="0">
         <subfield code="a">Achaemenid dynasty,</subfield>
         <subfield code="d">559-330 B.C.</subfield>
      </datafield>
      <datafield tag="651" ind1=" " ind2="0">
         <subfield code="a">Iran</subfield>
         <subfield code="x">History</subfield>
         <subfield code="y">To 640.</subfield>
      </datafield>
      <datafield tag="650" ind1=" " ind2="0">
         <subfield code="a">History, Ancient.</subfield>
      </datafield>
      <datafield tag="650" ind1=" " ind2="0">
         <subfield code="a">Excavations (Archaeology)</subfield>
         <subfield code="z">Iran.</subfield>
      </datafield>
      <datafield tag="651" ind1=" " ind2="0">
         <subfield code="a">Iran</subfield>
         <subfield code="x">Antiquities.</subfield>
      </datafield>
      <datafield tag="600" ind1="3" ind2="7">
         <subfield code="a">Achaemenid dynasty,</subfield>
         <subfield code="d">559-330 B.C.</subfield>
         <subfield code="2">fast</subfield>
         <subfield code="0">(OCoLC)fst00212031</subfield>
      </datafield>
      <datafield tag="650" ind1=" " ind2="7">
         <subfield code="a">History, Ancient.</subfield>
         <subfield code="2">fast</subfield>
         <subfield code="0">(OCoLC)fst00958352</subfield>
      </datafield>
      <datafield tag="651" ind1=" " ind2="7">
         <subfield code="a">Iran.</subfield>
         <subfield code="2">fast</subfield>
         <subfield code="0">(OCoLC)fst01204889</subfield>
      </datafield>
      <datafield tag="651" ind1=" " ind2="7">
         <subfield code="a">Iran.</subfield>
         <subfield code="0">(DE-588)4072922-9</subfield>
         <subfield code="2">gnd</subfield>
      </datafield>
      <datafield tag="648" ind1=" " ind2="7">
         <subfield code="a">To 640.</subfield>
         <subfield code="2">fast</subfield>
      </datafield>
      <datafield tag="655" ind1=" " ind2="7">
         <subfield code="a">History.</subfield>
         <subfield code="2">fast</subfield>
         <subfield code="0">(OCoLC)fst01411628</subfield>
      </datafield>
      <datafield tag="700" ind1="1" ind2=" ">
         <subfield code="a">Daryaee, Touraj,</subfield>
         <subfield code="d">1967-</subfield>
         <subfield code="e">editor.</subfield>
      </datafield>
      <datafield tag="700" ind1="1" ind2=" ">
         <subfield code="a">Mousavi, Ali,</subfield>
         <subfield code="e">editor.</subfield>
      </datafield>
      <datafield tag="700" ind1="1" ind2=" ">
         <subfield code="a">Rezakhani, Khodadad,</subfield>
         <subfield code="e">editor.</subfield>
      </datafield>
      <datafield tag="OWN" ind1=" " ind2=" ">
         <subfield code="a">GENERAL</subfield>
      </datafield>
      <datafield tag="AVA" ind1=" " ind2=" ">
         <subfield code="a">NYU50</subfield>
         <subfield code="b">BOBST</subfield>
         <subfield code="c">Main Collection</subfield>
         <subfield code="d">DS281 .E82 2014</subfield>
         <subfield code="e">unavailable</subfield>
         <subfield code="t">Unavailable</subfield>
         <subfield code="f">1</subfield>
         <subfield code="g">1</subfield>
         <subfield code="h">N</subfield>
         <subfield code="i">0</subfield>
         <subfield code="j">MAIN</subfield>
         <subfield code="k">0</subfield>
      </datafield>
      <datafield tag="AVA" ind1=" " ind2=" ">
         <subfield code="a">NYU50</subfield>
         <subfield code="b">NISAW</subfield>
         <subfield code="c">Large Collection</subfield>
         <subfield code="d">DS281 .E82 2014 Non-circulating</subfield>
         <subfield code="e">available</subfield>
         <subfield code="t">Available</subfield>
         <subfield code="f">1</subfield>
         <subfield code="g">0</subfield>
         <subfield code="h">N</subfield>
         <subfield code="i">0</subfield>
         <subfield code="j">LARGE</subfield>
         <subfield code="k">0</subfield>
      </datafield>
      <marc:datafield tag="852" ind1=" " ind2=" ">
         <marc:subfield code="b">Institute for the Study of the Ancient World, </marc:subfield>
         <marc:subfield code="c">Large Collection</marc:subfield>
         <marc:subfield code="e">15 East 84th St., </marc:subfield>
         <marc:subfield code="e">New York, NY  10028</marc:subfield>
      </marc:datafield>
   </record>