
  
  
  
  
  
  
  
  
 
  
  <record xsi:schemaLocation="http://www.loc.gov/MARC21/slim http://www.loc.gov/standards/marcxml/schema/MARC21slim.xsd">
      <leader>00000cam a2200397 a 4500</leader>
      <controlfield tag="FMT">BK</controlfield>
      <controlfield tag="LDR">00000cam a2200397 a 4500</controlfield>
      <controlfield tag="001">002304129</controlfield>
      <controlfield tag="003">NNU</controlfield>
      <controlfield tag="005">20161107134353.0</controlfield>
      <controlfield tag="008">890302m18989999enkacfh  b    001 0 eng d</controlfield>
      <datafield tag="010" ind1=" " ind2=" ">
         <subfield code="a">01005637</subfield>
      </datafield>
      <datafield tag="020" ind1=" " ind2=" ">
         <subfield code="a">085698065X (v. 45)</subfield>
      </datafield>
      <datafield tag="020" ind1=" " ind2=" ">
         <subfield code="a">0856980765 (v. 46)</subfield>
      </datafield>
      <datafield tag="020" ind1=" " ind2=" ">
         <subfield code="a">085698079X (v. 47)</subfield>
      </datafield>
      <datafield tag="020" ind1=" " ind2=" ">
         <subfield code="a">0856980803 (v. 48)</subfield>
      </datafield>
      <datafield tag="020" ind1=" " ind2=" ">
         <subfield code="a">0856980811 (v. 49)</subfield>
      </datafield>
      <datafield tag="020" ind1=" " ind2=" ">
         <subfield code="a">0856980854 (v. 50)</subfield>
      </datafield>
      <datafield tag="020" ind1=" " ind2=" ">
         <subfield code="a">0856980862 (v. 51)</subfield>
      </datafield>
      <datafield tag="020" ind1=" " ind2=" ">
         <subfield code="a">0856980919 (v. 52)</subfield>
      </datafield>
      <datafield tag="020" ind1=" " ind2=" ">
         <subfield code="a">0856980927 (v. 53)</subfield>
      </datafield>
      <datafield tag="020" ind1=" " ind2=" ">
         <subfield code="a">0856980935 (v. 54)</subfield>
      </datafield>
      <datafield tag="020" ind1=" " ind2=" ">
         <subfield code="a">0856981044 (v. 55)</subfield>
      </datafield>
      <datafield tag="020" ind1=" " ind2=" ">
         <subfield code="a">0856981052 (v. 56)</subfield>
      </datafield>
      <datafield tag="020" ind1=" " ind2=" ">
         <subfield code="a">0856981117 (v. 57)</subfield>
      </datafield>
      <datafield tag="020" ind1=" " ind2=" ">
         <subfield code="a">0856981125 (v. 58)</subfield>
      </datafield>
      <datafield tag="020" ind1=" " ind2=" ">
         <subfield code="a">0856981168 (v. 59)</subfield>
      </datafield>
      <datafield tag="020" ind1=" " ind2=" ">
         <subfield code="a">0856981176 (v. 60)</subfield>
      </datafield>
      <datafield tag="020" ind1=" " ind2=" ">
         <subfield code="a">0856981265 (v. 61)</subfield>
      </datafield>
      <datafield tag="020" ind1=" " ind2=" ">
         <subfield code="a">0856981273 (v. 62)</subfield>
      </datafield>
      <datafield tag="020" ind1=" " ind2=" ">
         <subfield code="a">0856981281 (v. 63)</subfield>
      </datafield>
      <datafield tag="020" ind1=" " ind2=" ">
         <subfield code="a">085698129X (v. 64)</subfield>
      </datafield>
      <datafield tag="020" ind1=" " ind2=" ">
         <subfield code="a">0856981419 (v. 67)</subfield>
      </datafield>
      <datafield tag="020" ind1=" " ind2=" ">
         <subfield code="a">0856981427 (v. 68)</subfield>
      </datafield>
      <datafield tag="020" ind1=" " ind2=" ">
         <subfield code="a">0856981435 (v. 69)</subfield>
      </datafield>
      <datafield tag="020" ind1=" " ind2=" ">
         <subfield code="a">0856981737 (v. 70)</subfield>
      </datafield>
      <datafield tag="020" ind1=" " ind2=" ">
         <subfield code="a">9780856981746 (v. 71)</subfield>
      </datafield>
      <datafield tag="020" ind1=" " ind2=" ">
         <subfield code="a">0856981745 (v. 71)</subfield>
      </datafield>
      <datafield tag="020" ind1=" " ind2=" ">
         <subfield code="a">9780856981814 (v. 72)</subfield>
      </datafield>
      <datafield tag="020" ind1=" " ind2=" ">
         <subfield code="a">0856981818 (v. 72)</subfield>
      </datafield>
      <datafield tag="020" ind1=" " ind2=" ">
         <subfield code="a">9780856981821 (v. 73)</subfield>
      </datafield>
      <datafield tag="020" ind1=" " ind2=" ">
         <subfield code="a">9780856981838 (v. 74)</subfield>
      </datafield>
      <datafield tag="020" ind1=" " ind2=" ">
         <subfield code="a">9780856981968 (v. 75)</subfield>
      </datafield>
      <datafield tag="020" ind1=" " ind2=" ">
         <subfield code="a">9780856982033 (v. 76)</subfield>
      </datafield>
      <datafield tag="020" ind1=" " ind2=" ">
         <subfield code="a">9780856982040 (v. 77)</subfield>
      </datafield>
      <datafield tag="020" ind1=" " ind2=" ">
         <subfield code="a">9780856982194 (v. 79)</subfield>
      </datafield>
      <datafield tag="020" ind1=" " ind2=" ">
         <subfield code="a">9780856982224 (v. 80)</subfield>
      </datafield>
      <datafield tag="020" ind1=" " ind2=" ">
         <subfield code="a">9780856982309 (v. 82)</subfield>
      </datafield>
      <datafield tag="035" ind1=" " ind2=" ">
         <subfield code="a">(OCoLC)700088</subfield>
         <subfield code="z">2265599</subfield>
      </datafield>
      <datafield tag="035" ind1=" " ind2=" ">
         <subfield code="a">(NYU)NYUb11410465</subfield>
      </datafield>
      <datafield tag="035" ind1="9" ind2=" ">
         <subfield code="a">NYUb11410465</subfield>
      </datafield>
      <datafield tag="040" ind1=" " ind2=" ">
         <subfield code="a">DLC</subfield>
         <subfield code="c">DLC</subfield>
         <subfield code="d">OCLCQ</subfield>
         <subfield code="d">NNU</subfield>
      </datafield>
      <datafield tag="041" ind1="0" ind2=" ">
         <subfield code="a">eng</subfield>
         <subfield code="a">grc</subfield>
      </datafield>
      <datafield tag="043" ind1=" " ind2=" ">
         <subfield code="a">f-ua-----</subfield>
      </datafield>
      <datafield tag="050" ind1="1" ind2="4">
         <subfield code="a">PA3315</subfield>
         <subfield code="b">.O8</subfield>
      </datafield>
      <datafield tag="245" ind1="0" ind2="4">
         <subfield code="a">The Oxyrhynchus papyri.</subfield>
      </datafield>
      <datafield tag="260" ind1=" " ind2=" ">
         <subfield code="a">London :</subfield>
         <subfield code="b">Sold at the Offices of the Egypt Exploration Fund,</subfield>
         <subfield code="c">1898-</subfield>
      </datafield>
      <datafield tag="300" ind1=" " ind2=" ">
         <subfield code="a">v. 1- :</subfield>
         <subfield code="b">ill., facsims. (some col., some folded), ports. ;</subfield>
         <subfield code="c">26-27 cm.</subfield>
      </datafield>
      <datafield tag="490" ind1="1" ind2=" ">
         <subfield code="a">Egypt Exploration Fund. Graeco-Roman Branch memoirs ;</subfield>
         <subfield code="v">no. 1-2, 5-6, 8-16</subfield>
      </datafield>
      <datafield tag="490" ind1="1" ind2=" ">
         <subfield code="a">Graeco-Roman memoirs,</subfield>
         <subfield code="x">0306-9222 ;</subfield>
         <subfield code="v">no. 17-20, 26-27, 29-31, 34-36, 38-41, 44-46, 48-63, 65-67, 69, 71, 73-77, 79, 81-87, 89-92, 94-</subfield>
      </datafield>
      <datafield tag="500" ind1=" " ind2=" ">
         <subfield code="a">Vol. 1-13 are memoirs of the Egypt Exploration Fund, Graeco-Roman Branch.</subfield>
      </datafield>
      <datafield tag="500" ind1=" " ind2=" ">
         <subfield code="a">Vol. 14- are memoirs of the Egypt Exploration Society.</subfield>
      </datafield>
      <datafield tag="500" ind1=" " ind2=" ">
         <subfield code="a">Some reprinted volumes of early publications issued without series statement: The Egypt Exploration Fund, Graeco-Roman Branch.</subfield>
      </datafield>
      <datafield tag="500" ind1=" " ind2=" ">
         <subfield code="a">Some reprinted volumes of early publications issued without series enumeration.</subfield>
      </datafield>
      <datafield tag="500" ind1=" " ind2=" ">
         <subfield code="a">Editors vary.</subfield>
      </datafield>
      <datafield tag="500" ind1=" " ind2=" ">
         <subfield code="a">Imprint varies.</subfield>
      </datafield>
      <datafield tag="500" ind1=" " ind2=" ">
         <subfield code="a">Vols. 1-2 and 4-32 have imprint: London : Egypt Exploration Society.</subfield>
      </datafield>
      <datafield tag="500" ind1=" " ind2=" ">
         <subfield code="a">Vols. 33- have imprint: London : Published for the British Academy by the Egypt Exploration Society.</subfield>
      </datafield>
      <datafield tag="500" ind1=" " ind2=" ">
         <subfield code="a">Vols. 70-72 have imprint: London : Published for the Arts and Humanities Research Council by the Egypt Exploration Society.</subfield>
      </datafield>
      <datafield tag="500" ind1=" " ind2=" ">
         <subfield code="a">Vols. 74- have imprint: London : Published by the Egypt Exploration Society with the support of the Arts and Humanities Research Council and the British Academy.</subfield>
      </datafield>
      <datafield tag="500" ind1=" " ind2=" ">
         <subfield code="a">Content of volumes from spine.</subfield>
      </datafield>
      <datafield tag="515" ind1=" " ind2=" ">
         <subfield code="a">Beginning with v. 33, issues called "volume" instead of "part".</subfield>
      </datafield>
      <datafield tag="505" ind1="1" ind2="0">
         <subfield code="g">v. 1.</subfield>
         <subfield code="t">[Nos. 1-207]. 1898 /</subfield>
         <subfield code="r">edited with translations and notes by Bernard P. Grenfell and Arthur S. Hunt --</subfield>
         <subfield code="g">v. 2.</subfield>
         <subfield code="t">[Nos. 208-400]. 1899 /</subfield>
         <subfield code="r">edited with translations and notes by Bernard P. Grenfell and Arthur S. Hunt --</subfield>
         <subfield code="g">v. 3.</subfield>
         <subfield code="t">[Nos. 401-653]. 1903 /</subfield>
         <subfield code="r">edited with translations and notes by Bernard P. Grenfell and Arthur S. Hunt --</subfield>
         <subfield code="g">v. 4.</subfield>
         <subfield code="t">[Nos. 654-839]. 1904 /</subfield>
         <subfield code="r">edited with translations and notes by Bernard P. Grenfell and Arthur S. Hunt --</subfield>
         <subfield code="g">v. 5.</subfield>
         <subfield code="t">[Nos. 840-844]. 1908 /</subfield>
         <subfield code="r">edited with translations and notes by Bernard P. Grenfell and Arthur S. Hunt --</subfield>
         <subfield code="g">v. 6.</subfield>
         <subfield code="t">[Nos. 845-1006]. 1908 /</subfield>
         <subfield code="r">edited with translations and notes by Bernard P. Grenfell and Arthur S. Hunt --</subfield>
         <subfield code="g">v. 7.</subfield>
         <subfield code="t">[Nos. 1007-1072]. 1910 /</subfield>
         <subfield code="r">edited with translations and notes by Arthur S. Hunt --</subfield>
         <subfield code="g">v. 8.</subfield>
         <subfield code="t">[Nos. 1073-1165]. 1911 /</subfield>
         <subfield code="r">edited with translations and notes by Arthur S. Hunt --</subfield>
         <subfield code="g">v. 9.</subfield>
         <subfield code="t">[Nos. 1166-1223]. 1912 /</subfield>
         <subfield code="r">edited with translations and notes by Arthur S. Hunt --</subfield>
         <subfield code="g">v. 10.</subfield>
         <subfield code="t">[Nos. 1224-1350]. 1914 /</subfield>
         <subfield code="r">edited with translations and notes by Bernard P. Grenfell and Arthur S. Hunt --</subfield>
         <subfield code="g">v. 11.</subfield>
         <subfield code="t">[Nos. 1351-1404]. 1915 /</subfield>
         <subfield code="r">edited with translations and notes by Bernard P. Grenfell and Arthur S. Hunt --</subfield>
         <subfield code="g">v. 12.</subfield>
         <subfield code="t">[Nos. 1405-1593]. 1916 /</subfield>
         <subfield code="r">edited with translations and notes by Bernard P. Grenfell and Arthur S. Hunt --</subfield>
         <subfield code="g">v. 13.</subfield>
         <subfield code="t">[Nos. 1594-1625]. 1919 /</subfield>
         <subfield code="r">edited with translations and notes by Bernard P. Grenfell and Arthur S. Hunt --</subfield>
         <subfield code="g">v. 14.</subfield>
         <subfield code="t">[Nos. 1626-1777]. 1920 /</subfield>
         <subfield code="r">edited with translations and notes by Bernard P. Grenfell and Arthur S. Hunt --</subfield>
         <subfield code="g">v. 15.</subfield>
         <subfield code="t">[Nos. 1778-1828]. 1922 /</subfield>
         <subfield code="r">edited with translations and notes by Bernard P. Grenfell and Arthur S. Hunt --</subfield>
         <subfield code="g">v. 16.</subfield>
         <subfield code="t">[Nos. 1829-2063]. 1924 /</subfield>
         <subfield code="r">edited with translation and notes by Bernard P. Grenfell, Arthur S. Hunt and H.I. Bell --</subfield>
         <subfield code="g">v. 17</subfield>
         <subfield code="t">[Nos. 2065-2074]. 1927 /</subfield>
         <subfield code="r">edited with translations and notes by Arthur S. Hunt --</subfield>
      </datafield>
      <datafield tag="505" ind1="1" ind2="0">
         <subfield code="g">v. 18.</subfield>
         <subfield code="t">[Nos. 2157-2207]. 1941 /</subfield>
         <subfield code="r">edited with translations and notes by E. Lobel, C.H. Roberts, and E.P. Wegener --</subfield>
         <subfield code="g">v. 19.</subfield>
         <subfield code="t">[Nos. 2208-2244] --</subfield>
         <subfield code="g">v. 20.</subfield>
         <subfield code="t">[Nos. 2245-2287] --</subfield>
         <subfield code="g">v. 21.</subfield>
         <subfield code="t">[Nos. 2288-2308]. 1951 /</subfield>
         <subfield code="r">edited with notes by E. Lobel --</subfield>
         <subfield code="g">v. 22.</subfield>
         <subfield code="t">[Nos. 2309-2353]. 1954 /</subfield>
         <subfield code="r">edited with translations and notes by E. Lobel and C.H. Roberts --</subfield>
         <subfield code="g">v. 23.</subfield>
         <subfield code="t">[Nos. 2354-2382]. 1956 /</subfield>
         <subfield code="r">edited with notes by E. Lobel --</subfield>
         <subfield code="g">v. 24.</subfield>
         <subfield code="t">[Nos. 2383-2425] --</subfield>
         <subfield code="g">v. 25.</subfield>
         <subfield code="t">[Nos. 2426-2437] --</subfield>
         <subfield code="g">v. 26.</subfield>
         <subfield code="t">[Nos. 2438-2451]. 1961 /</subfield>
         <subfield code="r">edited with notes by E. Lobel --</subfield>
         <subfield code="g">v. 27.</subfield>
         <subfield code="t">[Nos. 2452-2480] --</subfield>
         <subfield code="g">v. 28.</subfield>
         <subfield code="t">[Nos. 2481-2505]. 1962 /</subfield>
         <subfield code="r">edited with notes by E. Lobel --</subfield>
         <subfield code="g">v. 29.</subfield>
         <subfield code="t">[No. 2506] --</subfield>
         <subfield code="g">v. 30.</subfield>
         <subfield code="t">[Nos. 2507-2530] --</subfield>
         <subfield code="g">v. 31.</subfield>
         <subfield code="t">[Nos. 2531-2616]. 1966 /</subfield>
         <subfield code="r">edited with translations and notes by J.W.B. Barnes, Peter Parsons, John Rea, Eric G. Turner --</subfield>
         <subfield code="g">v. 32.</subfield>
         <subfield code="t">[Nos. 2617-2653]. 1967 /</subfield>
         <subfield code="r">edited with notes by E. Lobel ; with contributions by M.L. West and E.G. Turner --</subfield>
         <subfield code="g">v. 33.</subfield>
         <subfield code="t">[Nos. 2654-2682]. 1968 /</subfield>
         <subfield code="r">edited with translations and notes by Peter Parsons, John Rea, Eric G. Turner; with contributions by L. Ingrams and A. Świderek --</subfield>
         <subfield code="g">v. 34.</subfield>
         <subfield code="t">[Nos. 2683-2732]. 1968 /</subfield>
         <subfield code="r">edited with translations and notes by L. Ingrams, P. Kingston, P. Parsons, J. Rea --</subfield>
         <subfield code="g">v. 35.</subfield>
         <subfield code="t">[Nos. 2733-2744]. 1968 /</subfield>
         <subfield code="r">edited with notes by E. Lobel --</subfield>
      </datafield>
      <datafield tag="505" ind1="1" ind2="0">
         <subfield code="g">v. 36.</subfield>
         <subfield code="t">[Nos. 2745-2800]. 1970 /</subfield>
         <subfield code="r">edited with translations and notes by R.A. Coles, D. Foraboschi ... [et al.] ; with contributions by G.M. Browne, D. Jordan ... [et al.] --</subfield>
         <subfield code="g">v. 37.</subfield>
         <subfield code="t">[Nos. 2801-2823]. 1971 /</subfield>
         <subfield code="r">edited with notes by E. Lobel --</subfield>
         <subfield code="g">v. 38.</subfield>
         <subfield code="t">[Nos. 2824-2877]. 1971 /</subfield>
         <subfield code="r">edited with translations and notes by Gerald M. Browne, J.D. Thomas, E.G. Turner, Marcia E. Weinstein ; with contributions by M.M. Austin, R.S. Bagnall ... [et al.] --</subfield>
         <subfield code="g">v. 39.</subfield>
         <subfield code="t">[Nos. 2878-2891]. 1972 /</subfield>
         <subfield code="r">edited with notes by E. Lobel --</subfield>
         <subfield code="g">v. 40.</subfield>
         <subfield code="t">[Nos. 2892-2942]. 1972 /</subfield>
         <subfield code="r">edited with translations and notes by J.R. Rea --</subfield>
         <subfield code="g">v. 41.</subfield>
         <subfield code="t">[Nos. 2943-2998]. 1972 /</subfield>
         <subfield code="r">edited with translations and notes by G.M. Browne, R.A. Coles ... [et al.], with contributions by G.M. Cohen ... [et al.] --</subfield>
         <subfield code="g">v. 42.</subfield>
         <subfield code="t">[Nos. 2999-3087]. 1974 /</subfield>
         <subfield code="r">edited with translations and notes by P.J. Parsons --</subfield>
         <subfield code="g">v. 43.</subfield>
         <subfield code="t">[Nos. 3088-3150]. 1975 /</subfield>
         <subfield code="r">edited with translations and notes by J.R. Rea ; with contributions by N. Bartoli, G. Bastianini ... [et al.] --</subfield>
         <subfield code="g">v. 44.</subfield>
         <subfield code="t">[Nos. 3151-3208]. 1976 /</subfield>
         <subfield code="r">edited with translations and notes by A.K. Bowman, M.W. Haslam ... [et al.], with contributions by V. Brown, F.C. Philips...[et al.] --</subfield>
         <subfield code="g">v. 45.</subfield>
         <subfield code="t">[Nos. 3209-3266]. 1977 /</subfield>
         <subfield code="r">edited with translations and notes by A.K. Bowman, M.W. Haslam ... [et al.], with contributions by M.A.H. el-Abbadi, E. Lobel ... [et al.] --</subfield>
         <subfield code="g">v. 46.</subfield>
         <subfield code="t">[Nos. 3267-3315]. 1978 /</subfield>
         <subfield code="r">edited with translations and notes by J.R. Rea --</subfield>
         <subfield code="g">v. 47.</subfield>
         <subfield code="t">[Nos. 3316-3367]. 1980 /</subfield>
         <subfield code="r">Edited with translations and notes by R.A. Coles, M.W. Haslam; with contributions by G.M. Browne ... [et al.] --</subfield>
         <subfield code="g">v. 48.</subfield>
         <subfield code="t">[Nos. 3368-3430]. 1981 /</subfield>
         <subfield code="r">edited with translations and notes by M. Chambers, W.E.H. Cockle ... [et al.] --</subfield>
      </datafield>
      <datafield tag="505" ind1="1" ind2="0">
         <subfield code="g">v. 49.</subfield>
         <subfield code="t">[Nos. 3431-3521]. 1982 /</subfield>
         <subfield code="r">edited with translations and notes by A. Bülow-Jacobsen, J.E.G. Whitehorne, with contributions by R. Hübner, J.C. Shelton ... [et al.] --</subfield>
         <subfield code="g">v. 50.</subfield>
         <subfield code="t">[Nos. 3522-3600]. 1983 /</subfield>
         <subfield code="r">edited with translations and notes by A.K. Bowman, H.M. Cockle ... [et al.] --</subfield>
         <subfield code="g">v. 51.</subfield>
         <subfield code="t">[Nos. 3601-3646]. 1984 /</subfield>
         <subfield code="r">edited with translations and notes by J.R. Rea --</subfield>
         <subfield code="g">v. 52.</subfield>
         <subfield code="t">[Nos. 3647-3694]. 1984 /</subfield>
         <subfield code="r">edited with translations and notes by Helen M. Cockle, with contributions by A. Carlini, W.E.H. Cockle ... [et al.] --</subfield>
         <subfield code="g">v. 53.</subfield>
         <subfield code="t">[Nos. 3695-3721]. 1986 /</subfield>
         <subfield code="r">edited with translations and notes by M.W. Haslam --</subfield>
         <subfield code="g">v. 54.</subfield>
         <subfield code="t">[Nos. 3722-3776]. 1987 /</subfield>
         <subfield code="r">edited with translations and notes by R.A. Coles, H. Maehler, P.J. Parsons ; with contributions by J.M. Bremer, R.J.D. Carden --</subfield>
         <subfield code="g">v. 55.</subfield>
         <subfield code="t">[Nos. 3777-3821]. 1988 /</subfield>
         <subfield code="r">edited with translations and notes by J.R. Rea --</subfield>
         <subfield code="g">v. 56.</subfield>
         <subfield code="t">[Nos. 3822-3875]. 1989 /</subfield>
         <subfield code="r">edited with translations and notes by M.G. Sirivianou ; with contributions by H.-C. Günther, P.J. Parsons, P. Schubert and H. Baltussen, W.E.H. Cockle ... [et al.] --</subfield>
         <subfield code="g">v. 57.</subfield>
         <subfield code="t">[Nos. 3876-3914]. 1990 /</subfield>
         <subfield code="r">edited with translations and notes by M.W. Haslam, H. El-Maghrabi, J.D. Thomas --</subfield>
         <subfield code="g">v. 58.</subfield>
         <subfield code="t">[Nos. 3915-3962]. 1991 /</subfield>
         <subfield code="r">edited with translations and notes by J.R. Rea --</subfield>
      </datafield>
      <datafield tag="505" ind1="1" ind2="0">
         <subfield code="g">v. 59.</subfield>
         <subfield code="t">[Nos. 3963-4008]. 1992 /</subfield>
         <subfield code="r">edited with translations and notes by E.W. Handley, H.G. Ioannidou, P.J. Parsons, J.E.G. Whitehorne ; with contributions by H. Maehler, M. Maehler, M.L. West --</subfield>
         <subfield code="g">v. 60.</subfield>
         <subfield code="t">[Nos. 4009-4092]. 1994 /</subfield>
         <subfield code="r">edited with translations and notes by R.A. Coles, M.W. Haslam, P.J. Parsons ; with contributions by G. Bastianini ... [et al.] --</subfield>
         <subfield code="g">v. 61.</subfield>
         <subfield code="t">[Nos. 4093-4300]. 1995 /</subfield>
         <subfield code="r">edited with translations and notes by T. Gagos, M.W. Haslam, N. Lewis ; with contributions by C.F.L. Austin, R.L. Fowler ... [et al.] --</subfield>
         <subfield code="g">v. 62.</subfield>
         <subfield code="t">[Nos. 4301-4351]. 1995 /</subfield>
         <subfield code="r">edited with translations and notes by J.C. Shelton, J.E.G. Whitehorne, with contributions by C.F.L. Austin, P.G. McC. Brown ... [et al.] --</subfield>
         <subfield code="g">v. 63.</subfield>
         <subfield code="t">[Nos. 4352-4400]. 1996 /</subfield>
         <subfield code="r">edited with translations and notes by J.R. Rea --</subfield>
         <subfield code="g">v. 64.</subfield>
         <subfield code="t">[Nos. 4401-4441] --</subfield>
         <subfield code="g">v. 66.</subfield>
         <subfield code="t">[Nos. 4494-4544] /</subfield>
         <subfield code="r">edited with translations and notes by N. Gonis and J. Chapa ... [et al.], with contributions by J.L. Calvo Martínez ... [et al.] --</subfield>
         <subfield code="g">v. 67.</subfield>
         <subfield code="t">[Nos. 4545-4638]. 2001 /</subfield>
         <subfield code="r">edited with translations and notes by R.A. Coles and N. Gonis ... [et al.], with contributions by R. Ashdowne, G. Azzarello ... [et al.] --</subfield>
         <subfield code="g">v. 68.</subfield>
         <subfield code="t">[Nos. 4639-4704]. 2003 /</subfield>
         <subfield code="r">edited with translations and notes by N. Gonis, D. Obbink ... [et al.], with contributions by H. Amirav, C.F.L. Austin ... [et al.] --</subfield>
         <subfield code="g">v. 69.</subfield>
         <subfield code="t">[Nos. 4705-4752]. 2005 /</subfield>
         <subfield code="r">edited with translations and notes by N. Gonis, D. Obbink and D. Colomo, G.B. D'Alessio, A. Nodar ; with contributions by M. Cottier, W.B. Henry ... [et al.] --</subfield>
         <subfield code="g">v. 70.</subfield>
         <subfield code="t">[Nos. 4759-4802]. 2006 /</subfield>
         <subfield code="r">edited with translations and notes by N. Gonis, J.D. Thomas ... [et al.], with contributions by J. Chapa, D. Obbink ... [et al.] --</subfield>
         <subfield code="g">v. 71.</subfield>
         <subfield code="t">[Nos. 4803-4843]. 2007 /</subfield>
         <subfield code="r">edited with translations and notes by R. Hatzilambrou, P.J. Parsons, and J. Chapa, with contributions by A. Benaissa ... [et al.] --</subfield>
      </datafield>
      <datafield tag="505" ind1="1" ind2="0">
         <subfield code="g">v. 72.</subfield>
         <subfield code="t">[Nos. 4844-4930]. 2008 /</subfield>
         <subfield code="r">edited with translations and notes by N. Gonis and D. Colomo, with contributions by A. Benaissa ... [et al.] --</subfield>
         <subfield code="g">v. 73.</subfield>
         <subfield code="t">[Nos. 4931-4967]. 2009 /</subfield>
         <subfield code="r">edited with translations and notes in honour of Peter Parsons and John Rea by D. Obbink and N. Gonis; with contributions by R.S. Bagnall ... [et al.] --</subfield>
         <subfield code="g">v. 74.</subfield>
         <subfield code="t">[Nos. 4968-5019]. 2009 /</subfield>
         <subfield code="r">edited with translations and notes by D. Leith ... [et al.], with contributions by A. Benaissa ... [et al.] --</subfield>
         <subfield code="g">v. 75.</subfield>
         <subfield code="t">[Nos. 5020-5071]. 2010 /</subfield>
         <subfield code="r">edited with translations and notes by H. Maehler, C.E. Römer, and R. Hatzilambrou, with contributions by M. Buchholz ... [et al.] --</subfield>
         <subfield code="g">v. 76.</subfield>
         <subfield code="t">[Nos. 5072-5100]. 2011 /</subfield>
         <subfield code="r">edited with translations and notes by D. Colomo and J. Chapa, with contributions by J. Barton ... [et al.] --</subfield>
         <subfield code="g">v. 77.</subfield>
         <subfield code="t">[Nos. 5101-5126]. 2011 /</subfield>
         <subfield code="r">edited with translations and notes by A. Benaissa, with contributions by L. Berkes ... [et al.] --</subfield>
         <subfield code="g">v. 78.</subfield>
         <subfield code="t">[Nos. 5127-5182]. 2012 /</subfield>
         <subfield code="r">edited with translations and notes by R.-L. Chang, with contributions by M.L. Andersen ... [et al.] --</subfield>
         <subfield code="g">v. 79.</subfield>
         <subfield code="t">[Nos. 5183-5218]. 2014 /</subfield>
         <subfield code="r">edited with translations and notes by W.B. Henry, P.J. Parsons, and A. Benaissa ... [et al.] --</subfield>
         <subfield code="g">v. 80.</subfield>
         <subfield code="t">[Nos. 5219-5257]. 2015 /</subfield>
         <subfield code="r">edited with translations and notes by M. Hirt, D. Leith, and W.B. Henry --</subfield>
         <subfield code="g">v. 82.</subfield>
         <subfield code="t">[Nos. 5290-5343]. 2016 /</subfield>
         <subfield code="r">edited with translations and notes by N. Gonis, F. Maltimoni and W. B. Henry, S. Slattery, with contributions by S. Beresford ... [et al.] --</subfield>
      </datafield>
      <datafield tag="504" ind1=" " ind2=" ">
         <subfield code="a">Includes bibliographical references and indexes.</subfield>
      </datafield>
      <datafield tag="546" ind1=" " ind2=" ">
         <subfield code="a">Text chiefly in English, with passages in Greek.</subfield>
      </datafield>
      <datafield tag="650" ind1=" " ind2="0">
         <subfield code="a">Manuscripts, Greek</subfield>
         <subfield code="z">Egypt</subfield>
         <subfield code="z">Bahnasā.</subfield>
      </datafield>
      <datafield tag="650" ind1=" " ind2="0">
         <subfield code="a">Manuscripts, Greek (Papyri)</subfield>
         <subfield code="z">Bahnasā (Egypt).</subfield>
      </datafield>
      <datafield tag="651" ind1=" " ind2="0">
         <subfield code="a">Bahnasā (Egypt)</subfield>
         <subfield code="x">Antiquities.</subfield>
      </datafield>
      <datafield tag="700" ind1="1" ind2=" ">
         <subfield code="a">Wegener, E. P.</subfield>
         <subfield code="q">( Eefje Prankje),</subfield>
         <subfield code="d">1908-1958.</subfield>
      </datafield>
      <datafield tag="700" ind1="1" ind2=" ">
         <subfield code="a">Grenfell, Bernard P.</subfield>
         <subfield code="q">(Bernard Pyne),</subfield>
         <subfield code="d">1869-1926.</subfield>
      </datafield>
      <datafield tag="700" ind1="1" ind2=" ">
         <subfield code="a">Hunt, Arthur S.</subfield>
         <subfield code="q">(Arthur Surridge),</subfield>
         <subfield code="d">1871-1934.</subfield>
      </datafield>
      <datafield tag="700" ind1="1" ind2=" ">
         <subfield code="a">Lobel, Edgar,</subfield>
         <subfield code="d">b. 1888.</subfield>
      </datafield>
      <datafield tag="700" ind1="1" ind2=" ">
         <subfield code="a">Rea, John</subfield>
         <subfield code="q">(John Rowland)</subfield>
      </datafield>
      <datafield tag="700" ind1="1" ind2=" ">
         <subfield code="a">Coles, R. A.</subfield>
         <subfield code="q">(Revel A.)</subfield>
      </datafield>
      <datafield tag="700" ind1="1" ind2=" ">
         <subfield code="a">Bowman, Alan K.</subfield>
      </datafield>
      <datafield tag="700" ind1="1" ind2=" ">
         <subfield code="a">Cockle, W. E. H.</subfield>
         <subfield code="q">(Walter E. H.),</subfield>
         <subfield code="d">1939-</subfield>
      </datafield>
      <datafield tag="700" ind1="1" ind2=" ">
         <subfield code="a">Bülow-Jacobsen, Adam.</subfield>
      </datafield>
      <datafield tag="700" ind1="1" ind2=" ">
         <subfield code="a">Whitehorne, J. E. G.</subfield>
         <subfield code="q">(John Edwin George)</subfield>
      </datafield>
      <datafield tag="700" ind1="1" ind2=" ">
         <subfield code="a">Gonis, N.</subfield>
      </datafield>
      <datafield tag="700" ind1="1" ind2=" ">
         <subfield code="a">Świderkówna, Anna.</subfield>
      </datafield>
      <datafield tag="700" ind1="1" ind2=" ">
         <subfield code="a">Obbink, Dirk.</subfield>
      </datafield>
      <datafield tag="700" ind1="1" ind2=" ">
         <subfield code="a">Amirav, Hagit.</subfield>
      </datafield>
      <datafield tag="700" ind1="1" ind2=" ">
         <subfield code="a">Bell, H. Idris</subfield>
         <subfield code="q">(Harold Idris),</subfield>
         <subfield code="d">1879-1967.</subfield>
      </datafield>
      <datafield tag="700" ind1="1" ind2=" ">
         <subfield code="a">Chapa, Juan.</subfield>
      </datafield>
      <datafield tag="700" ind1="1" ind2=" ">
         <subfield code="a">Haslam, M. W.</subfield>
      </datafield>
      <datafield tag="700" ind1="1" ind2=" ">
         <subfield code="a">Gagos, Traianos.</subfield>
      </datafield>
      <datafield tag="700" ind1="1" ind2=" ">
         <subfield code="a">Bagnall, Roger S.</subfield>
      </datafield>
      <datafield tag="700" ind1="1" ind2=" ">
         <subfield code="a">Lewis, Naphtali.</subfield>
      </datafield>
      <datafield tag="700" ind1="1" ind2=" ">
         <subfield code="a">Austin, C. F. L.</subfield>
      </datafield>
      <datafield tag="700" ind1="1" ind2=" ">
         <subfield code="a">Austin, M. M.</subfield>
      </datafield>
      <datafield tag="700" ind1="1" ind2=" ">
         <subfield code="a">Fowler, R. L.</subfield>
         <subfield code="q">(Robert Louis),</subfield>
         <subfield code="d">1954-</subfield>
      </datafield>
      <datafield tag="700" ind1="1" ind2=" ">
         <subfield code="a">Shelton, J. C.</subfield>
      </datafield>
      <datafield tag="700" ind1="1" ind2=" ">
         <subfield code="a">Brown, P. G.</subfield>
      </datafield>
      <datafield tag="700" ind1="1" ind2=" ">
         <subfield code="a">Barns, John W. B.</subfield>
         <subfield code="q">(John Wintour Baldwin)</subfield>
      </datafield>
      <datafield tag="700" ind1="1" ind2=" ">
         <subfield code="a">El-Maghrabi, H.</subfield>
      </datafield>
      <datafield tag="700" ind1="1" ind2=" ">
         <subfield code="a">Thomas, J. D.</subfield>
         <subfield code="q">(James David),</subfield>
         <subfield code="d">1910-</subfield>
      </datafield>
      <datafield tag="700" ind1="1" ind2=" ">
         <subfield code="a">Ingrams, L.</subfield>
      </datafield>
      <datafield tag="700" ind1="1" ind2=" ">
         <subfield code="a">Kingston, P.</subfield>
      </datafield>
      <datafield tag="700" ind1="1" ind2=" ">
         <subfield code="a">Parsons, P. J.</subfield>
      </datafield>
      <datafield tag="700" ind1="1" ind2=" ">
         <subfield code="a">Browne, Gerald M.</subfield>
      </datafield>
      <datafield tag="700" ind1="1" ind2=" ">
         <subfield code="a">Turner, E. G.</subfield>
      </datafield>
      <datafield tag="700" ind1="1" ind2=" ">
         <subfield code="a">Weinstein, Marcia E.</subfield>
      </datafield>
      <datafield tag="700" ind1="1" ind2=" ">
         <subfield code="a">Colomo, D.</subfield>
         <subfield code="q">(Daniela)</subfield>
      </datafield>
      <datafield tag="700" ind1="1" ind2=" ">
         <subfield code="a">D'Alessio, G. B.</subfield>
      </datafield>
      <datafield tag="700" ind1="1" ind2=" ">
         <subfield code="a">Nodar, A.</subfield>
      </datafield>
      <datafield tag="700" ind1="1" ind2=" ">
         <subfield code="a">Cottier, Michel.</subfield>
      </datafield>
      <datafield tag="700" ind1="1" ind2=" ">
         <subfield code="a">Henry, W. Benjamin,</subfield>
         <subfield code="d">1975-</subfield>
      </datafield>
      <datafield tag="700" ind1="1" ind2=" ">
         <subfield code="a">Sirivianou, M. G.</subfield>
      </datafield>
      <datafield tag="700" ind1="1" ind2=" ">
         <subfield code="a">Günther, Hans Christian.</subfield>
      </datafield>
      <datafield tag="700" ind1="1" ind2=" ">
         <subfield code="a">Schubert, P.</subfield>
      </datafield>
      <datafield tag="700" ind1="1" ind2=" ">
         <subfield code="a">Baltussen, H.</subfield>
      </datafield>
      <datafield tag="700" ind1="1" ind2=" ">
         <subfield code="a">Handley, E. W.</subfield>
         <subfield code="q">(Eric W.),</subfield>
         <subfield code="d">1926-</subfield>
      </datafield>
      <datafield tag="700" ind1="1" ind2=" ">
         <subfield code="a">Ionnidou, H. G.</subfield>
      </datafield>
      <datafield tag="700" ind1="1" ind2=" ">
         <subfield code="a">Maehler, Herwig.</subfield>
      </datafield>
      <datafield tag="700" ind1="1" ind2=" ">
         <subfield code="a">Maehler, M.</subfield>
      </datafield>
      <datafield tag="700" ind1="1" ind2=" ">
         <subfield code="a">West, M. L.</subfield>
         <subfield code="q">(Martin Litchfield),</subfield>
         <subfield code="d">1937-</subfield>
      </datafield>
      <datafield tag="700" ind1="1" ind2=" ">
         <subfield code="a">Bremer, Jan Maarten.</subfield>
      </datafield>
      <datafield tag="700" ind1="1" ind2=" ">
         <subfield code="a">Carden, R. J. D.</subfield>
      </datafield>
      <datafield tag="700" ind1="1" ind2=" ">
         <subfield code="a">Bartoli, N.</subfield>
      </datafield>
      <datafield tag="700" ind1="1" ind2=" ">
         <subfield code="a">Bastianini, Guido.</subfield>
      </datafield>
      <datafield tag="700" ind1="1" ind2=" ">
         <subfield code="a">Foraboschi, Daniele.</subfield>
      </datafield>
      <datafield tag="700" ind1="1" ind2=" ">
         <subfield code="a">Jordan, David.</subfield>
      </datafield>
      <datafield tag="700" ind1="1" ind2=" ">
         <subfield code="a">Hatzilambrou, R.</subfield>
      </datafield>
      <datafield tag="700" ind1="1" ind2=" ">
         <subfield code="a">Benaissa, A.</subfield>
      </datafield>
      <datafield tag="700" ind1="1" ind2=" ">
         <subfield code="a">Leith, David.</subfield>
      </datafield>
      <datafield tag="700" ind1="1" ind2=" ">
         <subfield code="a">Römer, Cornelia.</subfield>
      </datafield>
      <datafield tag="700" ind1="1" ind2=" ">
         <subfield code="a">Chang, R.-L.</subfield>
      </datafield>
      <datafield tag="700" ind1="1" ind2=" ">
         <subfield code="a">Roberts, Colin H.</subfield>
         <subfield code="q">(Colin Henderson),</subfield>
         <subfield code="d">1909-</subfield>
      </datafield>
      <datafield tag="700" ind1="1" ind2=" ">
         <subfield code="a">Hirt Raj, Marguerite.</subfield>
      </datafield>
      <datafield tag="700" ind1="1" ind2=" ">
         <subfield code="a">Maltomini, Francesca,</subfield>
         <subfield code="d">1977-</subfield>
      </datafield>
      <datafield tag="700" ind1="1" ind2=" ">
         <subfield code="a">Slattery, S.</subfield>
         <subfield code="q">(Samuel),</subfield>
         <subfield code="d">1982-</subfield>
      </datafield>
      <datafield tag="700" ind1="1" ind2=" ">
         <subfield code="a">Beresford, S.</subfield>
         <subfield code="q">(Susan)</subfield>
      </datafield>
      <datafield tag="710" ind1="2" ind2=" ">
         <subfield code="a">Egypt Exploration Society.</subfield>
      </datafield>
      <datafield tag="710" ind1="2" ind2=" ">
         <subfield code="a">Egypt Exploration Society.</subfield>
         <subfield code="b">Graeco-Roman Branch.</subfield>
      </datafield>
      <datafield tag="710" ind1="2" ind2=" ">
         <subfield code="a">British Academy.</subfield>
      </datafield>
      <datafield tag="710" ind1="2" ind2=" ">
         <subfield code="a">Arts &amp; Humanities Research Council (Great Britain)</subfield>
      </datafield>
      <datafield tag="740" ind1="0" ind2=" ">
         <subfield code="a">P.Oxy</subfield>
      </datafield>
      <datafield tag="830" ind1=" " ind2="0">
         <subfield code="a">Graeco-Roman Branch (Series) ;</subfield>
         <subfield code="v">1-2.</subfield>
      </datafield>
      <datafield tag="830" ind1=" " ind2="0">
         <subfield code="a">Graeco-Roman Branch (Series) ;</subfield>
         <subfield code="v">5-6.</subfield>
      </datafield>
      <datafield tag="830" ind1=" " ind2="0">
         <subfield code="a">Graeco-Roman Branch (Series) ;</subfield>
         <subfield code="v">8-16.</subfield>
      </datafield>
      <datafield tag="830" ind1=" " ind2="0">
         <subfield code="a">Graeco-Roman memoirs ;</subfield>
         <subfield code="v">v. 17-20.</subfield>
      </datafield>
      <datafield tag="830" ind1=" " ind2="0">
         <subfield code="a">Graeco-Roman memoirs ;</subfield>
         <subfield code="v">v. 26-27.</subfield>
      </datafield>
      <datafield tag="830" ind1=" " ind2="0">
         <subfield code="a">Graeco-Roman memoirs ;</subfield>
         <subfield code="v">v. 29-31.</subfield>
      </datafield>
      <datafield tag="830" ind1=" " ind2="0">
         <subfield code="a">Graeco-Roman memoirs ;</subfield>
         <subfield code="v">v. 34-36.</subfield>
      </datafield>
      <datafield tag="830" ind1=" " ind2="0">
         <subfield code="a">Graeco-Roman memoirs ;</subfield>
         <subfield code="v">v. 38-41.</subfield>
      </datafield>
      <datafield tag="830" ind1=" " ind2="0">
         <subfield code="a">Graeco-Roman memoirs ;</subfield>
         <subfield code="v">v. 44-46.</subfield>
      </datafield>
      <datafield tag="830" ind1=" " ind2="0">
         <subfield code="a">Graeco-Roman memoirs ;</subfield>
         <subfield code="v">v. 48-63.</subfield>
      </datafield>
      <datafield tag="830" ind1=" " ind2="0">
         <subfield code="a">Graeco-Roman memoirs ;</subfield>
         <subfield code="v">v. 65-67.</subfield>
      </datafield>
      <datafield tag="830" ind1=" " ind2="0">
         <subfield code="a">Graeco-Roman memoirs ;</subfield>
         <subfield code="v">v. 69.</subfield>
      </datafield>
      <datafield tag="830" ind1=" " ind2="0">
         <subfield code="a">Graeco-Roman memoirs ;</subfield>
         <subfield code="v">v. 73-77.</subfield>
      </datafield>
      <datafield tag="830" ind1=" " ind2="0">
         <subfield code="a">Graeco-Roman memoirs ;</subfield>
         <subfield code="v">v. 79.</subfield>
      </datafield>
      <datafield tag="830" ind1=" " ind2="0">
         <subfield code="a">Graeco-Roman memoirs ;</subfield>
         <subfield code="v">v. 81-87.</subfield>
      </datafield>
      <datafield tag="830" ind1=" " ind2="0">
         <subfield code="a">Graeco-Roman memoirs ;</subfield>
         <subfield code="v">v. 89-92.</subfield>
      </datafield>
      <datafield tag="830" ind1=" " ind2="0">
         <subfield code="a">Graeco-Roman memoirs ;</subfield>
         <subfield code="v">v. 94-99.</subfield>
      </datafield>
      <datafield tag="830" ind1=" " ind2="0">
         <subfield code="a">Graeco-Roman memoirs ;</subfield>
         <subfield code="v">v. 100-101.</subfield>
      </datafield>
      <datafield tag="830" ind1=" " ind2="0">
         <subfield code="a">Graeco-Roman memoirs ;</subfield>
         <subfield code="v">v. 103.</subfield>
      </datafield>
      <datafield tag="OWN" ind1=" " ind2=" ">
         <subfield code="a">GENERAL</subfield>
      </datafield>
      <datafield tag="AVA" ind1=" " ind2=" ">
         <subfield code="a">NYU50</subfield>
         <subfield code="b">BOBST</subfield>
         <subfield code="c">Main Collection</subfield>
         <subfield code="d">PA3315 .O8</subfield>
         <subfield code="e">available</subfield>
         <subfield code="t">Available</subfield>
         <subfield code="f">79</subfield>
         <subfield code="g">0</subfield>
         <subfield code="h">Y</subfield>
         <subfield code="i">35</subfield>
         <subfield code="j">MAIN</subfield>
         <subfield code="k">0</subfield>
      </datafield>
      <datafield tag="AVA" ind1=" " ind2=" ">
         <subfield code="a">NYU50</subfield>
         <subfield code="b">NISAW</subfield>
         <subfield code="c">Large Collection</subfield>
         <subfield code="d">PA3315.O83 O86 1898 Non-circulating</subfield>
         <subfield code="e">available</subfield>
         <subfield code="t">Available</subfield>
         <subfield code="f">72</subfield>
         <subfield code="g">0</subfield>
         <subfield code="h">Y</subfield>
         <subfield code="i">0</subfield>
         <subfield code="j">LARGE</subfield>
         <subfield code="k">0</subfield>
      </datafield>
      <marc:datafield tag="852" ind1=" " ind2=" ">
         <marc:subfield code="b">Institute for the Study of the Ancient World, </marc:subfield>
         <marc:subfield code="c">Large Collection</marc:subfield>
         <marc:subfield code="e">15 East 84th St., </marc:subfield>
         <marc:subfield code="e">New York, NY  10028</marc:subfield>
      </marc:datafield>
   </record>