
  
  
  
  
  
  
  
  
  
  
 
  
  <record xsi:schemaLocation="http://www.loc.gov/MARC21/slim http://www.loc.gov/standards/marcxml/schema/MARC21slim.xsd">
      <leader>00000nam a2200433 i 4500</leader>
      <controlfield tag="FMT">BK</controlfield>
      <controlfield tag="LDR">00000nam a2200433 i 4500</controlfield>
      <controlfield tag="001">004494143</controlfield>
      <controlfield tag="003">OCoLC</controlfield>
      <controlfield tag="005">20161017140625.0</controlfield>
      <controlfield tag="008">161017s2016    it ac    b    010 0 ita d</controlfield>
      <datafield tag="020" ind1=" " ind2=" ">
         <subfield code="a">9788874680467</subfield>
         <subfield code="q">paperback</subfield>
      </datafield>
      <datafield tag="020" ind1=" " ind2=" ">
         <subfield code="a">8874680465</subfield>
         <subfield code="q">paperback</subfield>
      </datafield>
      <datafield tag="035" ind1=" " ind2=" ">
         <subfield code="a">(OCoLC)960639157</subfield>
      </datafield>
      <datafield tag="040" ind1=" " ind2=" ">
         <subfield code="a">FDA</subfield>
         <subfield code="b">eng</subfield>
         <subfield code="e">rda</subfield>
         <subfield code="c">FDA</subfield>
         <subfield code="d">NNU</subfield>
      </datafield>
      <datafield tag="041" ind1="1" ind2=" ">
         <subfield code="a">ita</subfield>
         <subfield code="a">grc</subfield>
         <subfield code="a">eng</subfield>
         <subfield code="h">grc</subfield>
      </datafield>
      <datafield tag="043" ind1=" " ind2=" ">
         <subfield code="a">f-ua---</subfield>
      </datafield>
      <datafield tag="050" ind1=" " ind2="4">
         <subfield code="a">PA3341</subfield>
         <subfield code="b">.E14 2016</subfield>
      </datafield>
      <datafield tag="066" ind1=" " ind2=" ">
         <subfield code="c">(S</subfield>
         <subfield code="c">Grek</subfield>
      </datafield>
      <datafield tag="245" ind1="0" ind2="0">
         <subfield code="a">E sì d'amici pieno :</subfield>
         <subfield code="b">omaggio di studiosi italiani a Guido Bastianini per il suo settantesimo compleanno /</subfield>
         <subfield code="c">a cura di Angelo Casanova, Gabriella Messeri, Rosario Pintaudi.</subfield>
      </datafield>
      <datafield tag="246" ind1="1" ind2="0">
         <subfield code="a">Omaggio di studiosi italiani a Guido Bastianini per il suo settantesimo compleanno</subfield>
      </datafield>
      <datafield tag="264" ind1=" " ind2="1">
         <subfield code="a">Firenze :</subfield>
         <subfield code="b">Edizioni Gonnelli ;</subfield>
         <subfield code="c">2016.</subfield>
      </datafield>
      <datafield tag="300" ind1=" " ind2=" ">
         <subfield code="a">2 volumes (xi, 677 pages) :</subfield>
         <subfield code="b">illustrations, 1 portrait ;</subfield>
         <subfield code="c">31 cm.</subfield>
      </datafield>
      <datafield tag="336" ind1=" " ind2=" ">
         <subfield code="a">text</subfield>
         <subfield code="b">txt</subfield>
         <subfield code="2">rdacontent</subfield>
      </datafield>
      <datafield tag="337" ind1=" " ind2=" ">
         <subfield code="a">unmediated</subfield>
         <subfield code="b">n</subfield>
         <subfield code="2">rdamedia</subfield>
      </datafield>
      <datafield tag="338" ind1=" " ind2=" ">
         <subfield code="a">volume</subfield>
         <subfield code="b">nc</subfield>
         <subfield code="2">rdacarrier</subfield>
      </datafield>
      <datafield tag="490" ind1="1" ind2=" ">
         <subfield code="a">Papyrologica florentina ;</subfield>
         <subfield code="v">XLV</subfield>
      </datafield>
      <datafield tag="500" ind1=" " ind2=" ">
         <subfield code="a">Articles presented in honor of Guido Bastianini on the occasion of his 70th birthday.</subfield>
      </datafield>
      <datafield tag="504" ind1=" " ind2=" ">
         <subfield code="a">Includes bibliographical references.</subfield>
      </datafield>
      <datafield tag="546" ind1=" " ind2=" ">
         <subfield code="a">76 contributions in Italian; 1 in English. Some texts in Greek with Italian translation.</subfield>
      </datafield>
      <datafield tag="505" ind1="0" ind2="0">
         <subfield code="g">Volume 1.</subfield>
         <subfield code="t">Papirologia–Egittologia.</subfield>
         <subfield code="t">Testi Letterari e Paraletterari.</subfield>
         <subfield code="t">Senofonte, Memorabili III, 6.11-14 /</subfield>
         <subfield code="r">Maria Serena Funghi --</subfield>
         <subfield code="t">Un nuovo papiro di Polibio /</subfield>
         <subfield code="r">Raffaele Luiselli --</subfield>
         <subfield code="t">Origene, Omelia XXXV sul Vangelo di Luca: P.Bon. 1 + P.haun. inv. 319 /</subfield>
         <subfield code="r">Rosa Otranto --</subfield>
         <subfield code="t">Apophthegmata Patrum (coll. syst.) 6, 15 e 17-19 /</subfield>
         <subfield code="r">Marco Stroppa --</subfield>
         <subfield code="t">Demetrio (Falereo?), Sulla compassione /</subfield>
         <subfield code="r">Francesca Maltomini --</subfield>
         <subfield code="t">Frammento filosofico /</subfield>
         <subfield code="r">Isabella Andorlini --</subfield>
         <subfield code="t">Frammento di prosa /</subfield>
         <subfield code="r">Giuseppe Ucciardello --</subfield>
         <subfield code="t">Frammento poetico (?) /</subfield>
         <subfield code="r">Giuseppe Ucciardello --</subfield>
         <subfield code="t">Tavoletta scolastica con testi di contratti /</subfield>
         <subfield code="r">Claudio Gallazzi --</subfield>
         <subfield code="t">Tabelle di divisione e altri calcoli: (ri)edizione di frammenti aritmetici dalla collezione di Vienna /</subfield>
         <subfield code="r">Giuseppina Azzarello.</subfield>
         <subfield code="t">Testi Documentari.</subfield>
         <subfield code="t">Papiri inediti dell'Università di Genova e dell'Università Cattolica di Milano /</subfield>
         <subfield code="r">Livia Migliardi Zingale, Gerardo Casanova --</subfield>
         <subfield code="t">Frammento di lettera d'ufficio /</subfield>
         <subfield code="r">Carla Balconi --</subfield>
         <subfield code="t">Ricevuta di [naubion] /</subfield>
         <subfield code="r">Rosario Pintadui --</subfield>
         <subfield code="t">Rapporto su locazioni di terreni : Contributo alla topografia dell'Ermopolite /</subfield>
         <subfield code="r">Antonio López García --</subfield>
         <subfield code="t">Frammento con inventario e conti. Appendice: [thyskē] e [magis] /</subfield>
         <subfield code="r">Roberto Mascellari --</subfield>
         <subfield code="t">Papiri greci a Bologna : i due frammenti dell'Archiginnasio /</subfield>
         <subfield code="r">Lucia Criscuolo --</subfield>
         <subfield code="t">Ricevuta di pagamento [eis logon nomarchias] /</subfield>
         <subfield code="r">Silvia Strassi --</subfield>
         <subfield code="t">Distinta di pagamento : Un addendum al dossier di Longinia Petronilla /</subfield>
         <subfield code="r">Gabriella Messeri --</subfield>
         <subfield code="t">Lettera privata /</subfield>
         <subfield code="r">Eleonora Angela Conti --</subfield>
         <subfield code="t">Frammento di petizione (?) indirizzata a un praepositus castrorum /</subfield>
         <subfield code="r">Lucio Del Corso --</subfield>
         <subfield code="t">Intestazione di documento /</subfield>
         <subfield code="r">Simona Russo --</subfield>
         <subfield code="t">Frammento di contratto stipulato tra cittadini di Nuova Teodosiopoli /</subfield>
         <subfield code="r">Agostino Soldati --</subfield>
         <subfield code="t">Vendita di recipienti con anticipazione di prezzo /</subfield>
         <subfield code="r">Diletta Minutoli --</subfield>
      </datafield>
      <datafield tag="505" ind1="8" ind2="0">
         <subfield code="t">Un signaculum dalla villa romana di Pollena Trocchia /</subfield>
         <subfield code="r">Gianluca Del Mastro, Girolamo Ferdinando De Simone.</subfield>
         <subfield code="t">Studi Papirologici Ed Egittologici.</subfield>
         <subfield code="t">Considerazioni sul "de vitiis" di Filodemo /</subfield>
         <subfield code="r">Mario Capasso --</subfield>
         <subfield code="t">Contributo per una rilettura di PSI Od. 5 /</subfield>
         <subfield code="r">Alberto Ciampi --</subfield>
         <subfield code="t">Elementi 'diairetici' nella sezione iniziale dell'Anonymus Londiniensis /</subfield>
         <subfield code="r">Tiziano Dorandi --</subfield>
         <subfield code="t">P.Berol. inv. 11647 : scholia minora al V libro dell'Iliade /</subfield>
         <subfield code="r">Elena Esposito --</subfield>
         <subfield code="t">La 'verità' di Antimaco (a proposito della fonte Fisadia) /</subfield>
         <subfield code="r">Maria Rosaria Falivene --</subfield>
         <subfield code="t">I reperti da El Hibeh nel Museo Egizio di Firenze /</subfield>
         <subfield code="r">Maria Cristina Guidotti --</subfield>
         <subfield code="t">Una lettera di Taesi a Didime (P.Oxy. LXII 4340, 21-22) /</subfield>
         <subfield code="r">Walter Lapini --</subfield>
         <subfield code="t">I papiri del [Peri physeōs] di Epicuro nella storia dell'Officina dei Papiri Ercolanesi /</subfield>
         <subfield code="r">Giuliana Leone --</subfield>
         <subfield code="t">[Taricheiai], "luoghi/impianti di imbalsamazione" /</subfield>
         <subfield code="r">Franco Maltomini --</subfield>
         <subfield code="t">Revisione di PSI Congr.XXI 5: commentario tachigrafico con oktades? /</subfield>
         <subfield code="r">Giovanna Menci --</subfield>
         <subfield code="t">Le parole greche per significare Mappa, Carta geografica : Spunti dai papiri documentari /</subfield>
         <subfield code="r">Maria Lauretta Moioli --</subfield>
         <subfield code="t">Duchi ed emiri : il gioco delle scatole cinesi in PSI XII 1266/P. Apoll. 9 /</subfield>
         <subfield code="r">Federico Morelli --</subfield>
         <subfield code="t">Bakchias : evidenze ed esigenze archeologiche /</subfield>
         <subfield code="r">Sergio Pernigotti --</subfield>
         <subfield code="t">Errata Corrige? Il siglum [di] nei margini di alcuni papiri letterari /</subfield>
         <subfield code="r">Serena Perrone --</subfield>
         <subfield code="t">Dall'archivio di Zenon : riedizione di PSI V 501; PSI VI 557; 585; 618 /</subfield>
         <subfield code="r">Paola Pruneti --</subfield>
      </datafield>
      <datafield tag="505" ind1="8" ind2="0">
         <subfield code="t">Le cosiddette Pragmateiai di Filodemo, ovvero dell'immeritata fortuna di un titolo /</subfield>
         <subfield code="r">Enzo Puglia --</subfield>
         <subfield code="t">L'editto provinciale egizio : spunti critici e considerazioni di metodo /</subfield>
         <subfield code="r">Gianfranco Purpura --</subfield>
         <subfield code="t">Note letterarie VII : Lingue e letterature nell'Egitto faraonico /</subfield>
         <subfield code="r">Alessandro Roccati --</subfield>
         <subfield code="t">Il Papiro di Cortona nr. 3184 /</subfield>
         <subfield code="r">Gloria Rosati --</subfield>
         <subfield code="t">Il ritratto di una donna del Giardino epicureo : Batide di Lampsaco (Script. Anon. Epicur., P.Herc. 176, fr. 5 col. XIX) /</subfield>
         <subfield code="r">Adele Tepedino.</subfield>
         <subfield code="g">Volume 2.</subfield>
         <subfield code="t">Filologia greca e latina.</subfield>
         <subfield code="t">Gallieno e il padre mortale nell'Historia Augusta : nota testuale alla "Vita Gallieni" (17.1) /</subfield>
         <subfield code="r">Sergio Audano --</subfield>
         <subfield code="t">Problemi testuali e riflessi del mito : una rilettura di Ovidio, Met. 15.104 /</subfield>
         <subfield code="r">Loretta Baldini Moscadi --</subfield>
         <subfield code="t">Una nave e il suo poeta : note ad Archimelo, SH 202 /</subfield>
         <subfield code="r">Gabriele Burzacchini --</subfield>
         <subfield code="t">L'Orsa Minore, don Chisciotte e il colodrillo (DQ 1.20) /</subfield>
         <subfield code="r">Roberta Caldini Montanari --</subfield>
         <subfield code="t">Augusto e la nobilitas /</subfield>
         <subfield code="r">Luciano Canfora --</subfield>
         <subfield code="t">Ambrogio Traversari e il Platone greco di Marsilio Ficino ([Pinax] e Tabula nel Laurentianus Plut. 85,9) /</subfield>
         <subfield code="r">Antonio Carlini --</subfield>
         <subfield code="t">"Le cattive frequentazioni guastano i buoni costumi" : P.Hibeh 17 : qualche riflessione sulla tradizione della celebre sentenza e sulla sua paternità /</subfield>
         <subfield code="r">Paolo Carrara --</subfield>
         <subfield code="t">L'hypothesis dell'Ippolito I di Euripide : revisione dei due papiri e costituzione del testo /</subfield>
         <subfield code="r">Angelo Casanova --</subfield>
         <subfield code="t">In margine al carme In Alypium di Giorgio Pisida /</subfield>
         <subfield code="r">Fabrizio Conca --</subfield>
      </datafield>
      <datafield tag="505" ind1="8" ind2="0">
         <subfield code="t">Lyric Texts on a Michigan Ptolemaic Papyrus /</subfield>
         <subfield code="r">Giambattista D'Alessio --</subfield>
         <subfield code="t">Cicerone (Tusc. 2.36), le Spartane e un frammento tragico adespoto : per l'esegesi e la collocazione di inc. inc. TRF 205-208 R.2-3 = 54 Schauer /</subfield>
         <subfield code="r">Rita Degl'Innocenti Pierini --</subfield>
         <subfield code="t">Omero nell'Olimpico di Dione /</subfield>
         <subfield code="r">Paolo Desideri --</subfield>
         <subfield code="t">La via del rifugio : Alceo, fr. 130b V. /</subfield>
         <subfield code="r">Franco Ferrari --</subfield>
         <subfield code="t">Il sole, la decade e Atlante : elementi neopitagorici nella Tabula mundi di Giovanni di Gaza /</subfield>
         <subfield code="r">Daria Gigli --</subfield>
         <subfield code="t">Qualche novità dall a pagina macchiata del codice Laur. Conv. soppr. 627 di Longo /</subfield>
         <subfield code="r">Augusto Guida --</subfield>
         <subfield code="t">Mettere a tacere la Fama : una congettura a Properzio 4.2.19 /</subfield>
         <subfield code="r">Mario Labate --</subfield>
         <subfield code="t">Alc. 130b V. : Alceo come Achille? Il lemma di P.Oxy. LIII 3711 e il misterioso 'Onomacle' /</subfield>
         <subfield code="r">Maria Jagoda Luzzatto --</subfield>
         <subfield code="t">Il P.Berol. 21340 : lodare Antimaco tra Cherilo, Asclepiade e Posidippo /</subfield>
         <subfield code="r">Enrico Magnelli --</subfield>
         <subfield code="t">La sezione sulle definizioni dell'Anonimo Londinese (P.Br.Libr. inv. 137) /</subfield>
         <subfield code="r">Daniela Manetti --</subfield>
         <subfield code="t">L'Aconzio e Cidippe di Callimaco : struttura e tessuto narrativo /</subfield>
         <subfield code="r">Giulio Massimilla --</subfield>
         <subfield code="t">Aristarco, Erodoto, l'Egitto : Una nota /</subfield>
         <subfield code="r">Fausto Montana --</subfield>
         <subfield code="t">Considerazioni sulle citazioni di autori e opere nell'erudizione antica /</subfield>
         <subfield code="r">Franco Montanari --</subfield>
         <subfield code="t">Telai, conocchie, fusi e ... lessicografe (per amor di [ēlakatē]) /</subfield>
         <subfield code="r">Camillo Neri --</subfield>
         <subfield code="t">Come un ago in un pagliaio : osservazioni sui problemi di datazione nella tradizione delle "Menandri Sententiae" /</subfield>
         <subfield code="r">Carlo Pernigotti --</subfield>
      </datafield>
      <datafield tag="505" ind1="8" ind2="0">
         <subfield code="t">Una peculiarità teocritea : gli avverbi in –[sti] /</subfield>
         <subfield code="r">Antonietta Porro --</subfield>
         <subfield code="t">Valerio Massimo fonte di Plut. Mar. 38? /</subfield>
         <subfield code="r">Barbara Scardigli --</subfield>
         <subfield code="t">Su una citazione dei Glossografi negli scolî eschilei /</subfield>
         <subfield code="r">Renzo Tosi --</subfield>
         <subfield code="t">L'epigramma per Asclas di Creta (Posidippo, 99 A.-B.) : problemi di testo e contesto /</subfield>
         <subfield code="r">Giuseppe Zanetto.</subfield>
         <subfield code="t">Storia Degli Studi Classici.</subfield>
         <subfield code="t">Messaggi fiorentini a Vogliano conservati nel Fondo Vogliano di Napoli /</subfield>
         <subfield code="r">Giovanni Indelli, Francesca Longo Auricchio --</subfield>
         <subfield code="t">Paul Maas a Girolamo Vitelli : la corrispondenza in Laurenziana /</subfield>
         <subfield code="r">Luigi Lehnus --</subfield>
         <subfield code="t">Giorgio Pasquali : "Attività didattica e scientifica 1924-1934" /</subfield>
         <subfield code="r">Elio Montanari --</subfield>
         <subfield code="t">Dalla corrispondenza di J.G. Smyly : Le lettere di F.G. Kenyon : un esempio di amicitia papyrologorum /</subfield>
         <subfield code="r">Natascia Pellé --</subfield>
         <subfield code="t">Quanti sono i "nove stemmi della Repubblica Fiorentina"? Un indovinello dantesco /</subfield>
         <subfield code="r">Alessandro Savorelli.</subfield>
      </datafield>
      <datafield tag="650" ind1=" " ind2="0">
         <subfield code="a">Manuscripts, Greek (Papyri)</subfield>
      </datafield>
      <datafield tag="650" ind1=" " ind2="0">
         <subfield code="a">Manuscripts, Classical (Papyri)</subfield>
         <subfield code="z">Egypt.</subfield>
      </datafield>
      <datafield tag="700" ind1="1" ind2=" ">
         <subfield code="a">Pintaudi, Rosario,</subfield>
         <subfield code="e">editor,</subfield>
         <subfield code="e">writer of supplementary textual material.</subfield>
      </datafield>
      <datafield tag="700" ind1="1" ind2=" ">
         <subfield code="a">Casanova, Angelo,</subfield>
         <subfield code="e">editor,</subfield>
         <subfield code="e">writer of supplementary textual material.</subfield>
      </datafield>
      <datafield tag="700" ind1="1" ind2=" ">
         <subfield code="a">Messeri Savorelli, Gabriella,</subfield>
         <subfield code="e">editor,</subfield>
         <subfield code="e">writer of supplementary textual material.</subfield>
      </datafield>
      <datafield tag="700" ind1="1" ind2=" ">
         <subfield code="a">Bastianini, Guido,</subfield>
         <subfield code="e">honoree.</subfield>
      </datafield>
      <datafield tag="830" ind1=" " ind2="0">
         <subfield code="a">Papyrologica Florentina ;</subfield>
         <subfield code="v">v. 45.</subfield>
      </datafield>
      <datafield tag="880" ind1="0" ind2="0">
         <subfield code="9"/>
         <subfield code="t">Rapporto su locazioni di terreni :</subfield>
         <subfield code="t">contributo alla topografia dell'Ermopolite /</subfield>
         <subfield code="r">Antonio López García ;</subfield>
         <subfield code="t">Frammento con inventario e conti :</subfield>
         <subfield code="t">appendice :</subfield>
         <subfield code="t">θύ</subfield>
      </datafield>
      <datafield tag="880" ind1="0" ind2="0">
         <subfield code="9"/>
         <subfield code="t">Considerazioni sul de vitiis di Filodemo /</subfield>
         <subfield code="r">Maria Capasso ;</subfield>
         <subfield code="t">Contributo per una rilettura di PSI Od. 5 /</subfield>
         <subfield code="r">Alberto Ciampi ;</subfield>
         <subfield code="t">Elementi "diairetici" nella sezione iniziale dell'Anonymus Londiniensis (P.Br.Libr. inv. 137 I-IV 17) /</subfield>
         <subfield code="r">Tiziano Dorandi ;</subfield>
         <subfield code="t">P.Berol. inv. 11647 :</subfield>
         <subfield code="t">scholia minora al V libro dell'Iliade /</subfield>
         <subfield code="r">Elena Esposito ;</subfield>
         <subfield code="t">La "verità" di Antimaco (a proposito della fonte Fisadia) /</subfield>
         <subfield code="r">Maria Rosaria Falivene ;</subfield>
         <subfield code="t">I reperti da El Hibeh nel Museo Egizio di Firenze /</subfield>
         <subfield code="r">Maria Cristina Guidotti ;</subfield>
         <subfield code="t">Una lettera di Taesi a Didime (P.Oxy. LXII 4340, 21-22) /</subfield>
         <subfield code="r">Walter Lapini ;</subfield>
         <subfield code="t">I papiri del Περὶ φύ</subfield>
      </datafield>
      <datafield tag="880" ind1="0" ind2="0">
         <subfield code="9"/>
         <subfield code="r">Maria Lauretta Moioli ;</subfield>
         <subfield code="t">Duchi ed emiri :</subfield>
         <subfield code="t">il gioco delle scatole cinesi in PSI XII 1266/P.Apoll. 9 /</subfield>
         <subfield code="r">Federico Morelli ;</subfield>
         <subfield code="t">Bakchias :</subfield>
         <subfield code="t">evidenze ed esigenze archeologiche /</subfield>
         <subfield code="r">Sergio Pernigotti ;</subfield>
         <subfield code="t">Errata Corrige? :</subfield>
         <subfield code="t">Il siglum δι nei margini di alcuni papiri letterari /</subfield>
         <subfield code="r">Serena Perrone ;</subfield>
         <subfield code="t">Dall'archivio di Zenon :</subfield>
         <subfield code="t">riedizione di PSI V 501, PSI VI 557, 585, 618 /</subfield>
         <subfield code="r">Paola Pruneti ;</subfield>
         <subfield code="t">Le cosiddette Pragmateiai di Filodemo, ovvero dell'immeritata fortuna di un titolo /</subfield>
         <subfield code="r">Enzo Puglia ;</subfield>
         <subfield code="t">L'editto provinciale egizio :</subfield>
         <subfield code="t">spunti critici e considerazioni di metodo /</subfield>
         <subfield code="r">Gianfranco Purpura ;</subfield>
         <subfield code="t">Note letterarie VII :</subfield>
         <subfield code="t">lingue e letterature nell'Egitto faraonico /</subfield>
         <subfield code="r">Alessandro Roccati ;</subfield>
         <subfield code="t">Il Papiro di Cortona nr. 3184 /</subfield>
         <subfield code="r">Gloria Rosati ;</subfield>
         <subfield code="t">Il ritratto di una donna del Giardino epicureo :</subfield>
         <subfield code="t">Batide di Lampsaco (Script.Anon.Epicur., P.Herc. 176, fr. 5 col. XIX) /</subfield>
         <subfield code="r">Adele Tepedino --</subfield>
         <subfield code="g">Volume 2. Filologia greca e latina.</subfield>
         <subfield code="t">Gallieno e il padre mortale nell'Historia Augusta :</subfield>
      </datafield>
      <datafield tag="880" ind1="0" ind2="0">
         <subfield code="9"/>
         <subfield code="t">nota testuale alla Vita Gallieni (17.1) /</subfield>
         <subfield code="r">Sergio Audano ;</subfield>
         <subfield code="t">Problemi testuali e riflessi del mito :</subfield>
         <subfield code="t">una rilettura di Ovidio, Met. 15.104 /</subfield>
         <subfield code="r">Loretta Baldini Moscadi ;</subfield>
         <subfield code="t">Una nave e il suo poeta :</subfield>
         <subfield code="t">note ad Archimelo, SW 202 /</subfield>
         <subfield code="r">Gabriele Burzacchini ;</subfield>
         <subfield code="t">L'Orsa Minore, don Chisciotte e il colodrillo (DQ 1.20) /</subfield>
         <subfield code="r">Roberta Caldini Montanari ;</subfield>
         <subfield code="t">Augusto e la nobilitas /</subfield>
         <subfield code="r">Luciano Canfora ;</subfield>
         <subfield code="t">Ambrogio Traversari e il Platone greco di Marsilio Ficino (Πίναξ e Tabula nel Laurentianus Plut. 85,9) /</subfield>
         <subfield code="r">Antonio Carlini ;</subfield>
         <subfield code="t">"Le cattive frequentazioni guastono i buoni costumi" :</subfield>
         <subfield code="t">P.Hibeh 17 :</subfield>
         <subfield code="t">qualche riflessione sulla tradizione della celebre sentenza e sulla sua paternità /</subfield>
         <subfield code="r">Paolo Carrara ;</subfield>
         <subfield code="t">L'hypothesis dell'Ippolito I di Euripide :</subfield>
         <subfield code="t">revisione dei due papiri e costituzione del testo /</subfield>
         <subfield code="r">Angelo Casanova ;</subfield>
         <subfield code="t">In margine al carme In Alypium di Giorgio Pisida /</subfield>
         <subfield code="r">Fabrizio Conca ;</subfield>
         <subfield code="t">Lyric texts on a Michigan Ptolemaic papyrus /</subfield>
         <subfield code="r">Giambattista D'Alessio ;</subfield>
      </datafield>
      <datafield tag="880" ind1="0" ind2="0">
         <subfield code="9"/>
         <subfield code="t">Cicerone (Tusc. 2.36), le Spartane e un frammento tragico adespoto :</subfield>
         <subfield code="t">per l'esegesi e la collocazione di inc. inc. TRF 205-208 R.2-3 = 54 Schauer /</subfield>
         <subfield code="r">Rita Degl'Innocenti Pierini ;</subfield>
         <subfield code="t">La via del rifugio :</subfield>
         <subfield code="t">Alceo, fr. 130b V. /</subfield>
         <subfield code="r">Franco Ferrari ;</subfield>
         <subfield code="t">Il sole, la decade e Atlante :</subfield>
         <subfield code="t">elementi neopitagorici nella Tabula mundi di Giovanni di Gaza /</subfield>
         <subfield code="r">Daria Gigli ;</subfield>
         <subfield code="t">Qualche novità dalla pagina macchiata del codice Laur. Conv. soppr. 627 di Longo /</subfield>
         <subfield code="r">Augusto Guida ;</subfield>
         <subfield code="t">Mettere a tacere la Fama :</subfield>
         <subfield code="t">una congettura a Properzio 4.2.19 /</subfield>
         <subfield code="r">Mario Labate ;</subfield>
         <subfield code="t">Alc. 130b V. :</subfield>
         <subfield code="t">Alceo come Achille? :</subfield>
         <subfield code="t">Il lemma di P.Oxy. LIII 3711 e il misterioso "Onomacle" /</subfield>
         <subfield code="r">Maria Jagoda Luzzatto ;</subfield>
         <subfield code="t">Il P.Berol. 21340 :</subfield>
         <subfield code="t">Iodare Antimaco tra Cherilo, Asclepiade e Posidippo /</subfield>
         <subfield code="r">Enrico Magnelli ;</subfield>
         <subfield code="t">La sezione sulle definizioni dell'Anonimo Londinese (P.Br.Libr. inv. 137) /</subfield>
         <subfield code="r">Daniela Manetti ;</subfield>
         <subfield code="t">L'Aconzio e Cidippe di Callimaco :</subfield>
         <subfield code="t">struttura e tessuto narrativo /</subfield>
         <subfield code="r">Giulio Massimilla ;</subfield>
         <subfield code="t">Aristarco, Erodoto, l'Egitto :</subfield>
      </datafield>
      <datafield tag="880" ind1="0" ind2="0">
         <subfield code="9"/>
         <subfield code="t">una nota /</subfield>
         <subfield code="r">Fausto Montana ;</subfield>
         <subfield code="t">Considerazioni sulle citazioni di autori e opere nell'erudizione antica /</subfield>
         <subfield code="r">Franco Montanari ;</subfield>
         <subfield code="t">Telai, conocchie, fusi e ... lessicografe (per amor di ἠλακάτη) /</subfield>
         <subfield code="r">Camillo Neri ;</subfield>
         <subfield code="t">Come un ago in un pagliaio :</subfield>
         <subfield code="t">osservazioni sui problemi di datazione nella tradizione delle Menandri Sententiae /</subfield>
         <subfield code="r">Carlo Pernigotti ;</subfield>
         <subfield code="t">Una peculiarità teocritea :</subfield>
         <subfield code="t">gli avverbi in -</subfield>
      </datafield>
      <datafield tag="880" ind1="0" ind2="0">
         <subfield code="9"/>
         <subfield code="t">Dalla corrispondenza di J.G. Smyly :</subfield>
         <subfield code="t">le lettere di F.G. Kenyon :</subfield>
         <subfield code="t">un esempio di amicitia papyrologorum /</subfield>
         <subfield code="r">Natascia Pellé ;</subfield>
         <subfield code="t">Quanti sono i "nove stemmi della Repubblica Fiorentina"? :</subfield>
         <subfield code="t">Un indovinello dantesco /</subfield>
         <subfield code="r">Alessandro Savorelli.</subfield>
      </datafield>
      <datafield tag="994" ind1=" " ind2=" ">
         <subfield code="a">Z0</subfield>
         <subfield code="b">ZYU</subfield>
      </datafield>
      <datafield tag="OWN" ind1=" " ind2=" ">
         <subfield code="a">GENERAL</subfield>
      </datafield>
      <datafield tag="AVA" ind1=" " ind2=" ">
         <subfield code="a">NYU50</subfield>
         <subfield code="b">NISAW</subfield>
         <subfield code="c">Large Collection</subfield>
         <subfield code="d">PA3341 .E14 2016 Non-circulating</subfield>
         <subfield code="e">available</subfield>
         <subfield code="t">Available</subfield>
         <subfield code="f">2</subfield>
         <subfield code="g">0</subfield>
         <subfield code="h">Y</subfield>
         <subfield code="i">0</subfield>
         <subfield code="j">LARGE</subfield>
         <subfield code="k">0</subfield>
      </datafield>
      <marc:datafield tag="852" ind1=" " ind2=" ">
         <marc:subfield code="b">Institute for the Study of the Ancient World, </marc:subfield>
         <marc:subfield code="c">Large Collection</marc:subfield>
         <marc:subfield code="e">15 East 84th St., </marc:subfield>
         <marc:subfield code="e">New York, NY  10028</marc:subfield>
      </marc:datafield>
   </record>