
  
  
  
  
  
  
  
  
  
 
  
  <record xsi:schemaLocation="http://www.loc.gov/MARC21/slim http://www.loc.gov/standards/marcxml/schema/MARC21slim.xsd">
      <leader>00000cam a2200889 i 4500</leader>
      <controlfield tag="FMT">BK</controlfield>
      <controlfield tag="LDR">00000cam a2200889 i 4500</controlfield>
      <controlfield tag="001">004263410</controlfield>
      <controlfield tag="003">OCoLC</controlfield>
      <controlfield tag="005">20160401084140.0</controlfield>
      <controlfield tag="008">160317t20162016mau      b    001 0 eng c</controlfield>
      <datafield tag="010" ind1=" " ind2=" ">
         <subfield code="a">2015944417</subfield>
      </datafield>
      <datafield tag="020" ind1=" " ind2=" ">
         <subfield code="a">9780674997004</subfield>
         <subfield code="q">hardback</subfield>
      </datafield>
      <datafield tag="020" ind1=" " ind2=" ">
         <subfield code="a">067499700X</subfield>
         <subfield code="q">hardback</subfield>
      </datafield>
      <datafield tag="024" ind1="3" ind2=" ">
         <subfield code="a">9780674997004</subfield>
      </datafield>
      <datafield tag="035" ind1=" " ind2=" ">
         <subfield code="a">(OCoLC)907204403</subfield>
         <subfield code="z">(OCoLC)906121833</subfield>
         <subfield code="z">(OCoLC)927391397</subfield>
      </datafield>
      <datafield tag="040" ind1=" " ind2=" ">
         <subfield code="a">BTCTA</subfield>
         <subfield code="b">eng</subfield>
         <subfield code="e">rda</subfield>
         <subfield code="c">BTCTA</subfield>
         <subfield code="d">YDXCP</subfield>
         <subfield code="d">TOH</subfield>
         <subfield code="d">BDX</subfield>
         <subfield code="d">STU</subfield>
         <subfield code="d">KAT</subfield>
         <subfield code="d">SGB</subfield>
         <subfield code="d">OCLCQ</subfield>
         <subfield code="d">UOK</subfield>
         <subfield code="d">IOG</subfield>
         <subfield code="d">OCLCO</subfield>
         <subfield code="d">OCLCF</subfield>
         <subfield code="d">UBY</subfield>
         <subfield code="d">XII</subfield>
         <subfield code="d">COO</subfield>
         <subfield code="d">LTSCA</subfield>
         <subfield code="d">IUL</subfield>
         <subfield code="d">FDA</subfield>
         <subfield code="d">IAK</subfield>
         <subfield code="d">UXG</subfield>
         <subfield code="d">DEBSZ</subfield>
      </datafield>
      <datafield tag="041" ind1="1" ind2=" ">
         <subfield code="a">eng</subfield>
         <subfield code="a">grc</subfield>
         <subfield code="h">grc</subfield>
      </datafield>
      <datafield tag="042" ind1=" " ind2=" ">
         <subfield code="a">pcc</subfield>
      </datafield>
      <datafield tag="050" ind1=" " ind2="4">
         <subfield code="a">PA3612.2</subfield>
         <subfield code="b">.G15 2016</subfield>
      </datafield>
      <datafield tag="050" ind1=" " ind2="4">
         <subfield code="a">R126</subfield>
         <subfield code="b">.G325 2016</subfield>
      </datafield>
      <datafield tag="060" ind1=" " ind2="4">
         <subfield code="a">WZ 51</subfield>
         <subfield code="b">G153 2016</subfield>
      </datafield>
      <datafield tag="082" ind1="0" ind2="4">
         <subfield code="a">610.938</subfield>
         <subfield code="2">23</subfield>
      </datafield>
      <datafield tag="100" ind1="0" ind2=" ">
         <subfield code="a">Galen,</subfield>
         <subfield code="e">author.</subfield>
      </datafield>
      <datafield tag="245" ind1="1" ind2="0">
         <subfield code="a">On the constitution of the art of medicine ;</subfield>
         <subfield code="b">The art of medicine ; A method of medicine to Glaucon /</subfield>
         <subfield code="c">Galen ; edited and translated by Ian Johnston.</subfield>
      </datafield>
      <datafield tag="264" ind1=" " ind2="1">
         <subfield code="a">Cambridge, Massachusetts ;</subfield>
         <subfield code="a">London, England :</subfield>
         <subfield code="b">Harvard University Press,</subfield>
         <subfield code="c">2016.</subfield>
      </datafield>
      <datafield tag="264" ind1=" " ind2="4">
         <subfield code="c">©2016</subfield>
      </datafield>
      <datafield tag="300" ind1=" " ind2=" ">
         <subfield code="a">lxx, 577 pages ;</subfield>
         <subfield code="c">17 cm.</subfield>
      </datafield>
      <datafield tag="336" ind1=" " ind2=" ">
         <subfield code="a">text</subfield>
         <subfield code="b">txt</subfield>
         <subfield code="2">rdacontent</subfield>
      </datafield>
      <datafield tag="337" ind1=" " ind2=" ">
         <subfield code="a">unmediated</subfield>
         <subfield code="b">n</subfield>
         <subfield code="2">rdamedia</subfield>
      </datafield>
      <datafield tag="338" ind1=" " ind2=" ">
         <subfield code="a">volume</subfield>
         <subfield code="b">nc</subfield>
         <subfield code="2">rdacarrier</subfield>
      </datafield>
      <datafield tag="490" ind1="1" ind2=" ">
         <subfield code="a">Loeb classical library ;</subfield>
         <subfield code="v">523</subfield>
      </datafield>
      <datafield tag="546" ind1=" " ind2=" ">
         <subfield code="a">Texts in Greek with English translations on facing pages; introductions in English.</subfield>
      </datafield>
      <datafield tag="504" ind1=" " ind2=" ">
         <subfield code="a">Includes bibliographical references (pages lvii-lxii) and indexes.</subfield>
      </datafield>
      <datafield tag="505" ind1="0" ind2="0">
         <subfield code="t">General introduction --</subfield>
         <subfield code="t">Bibliography --</subfield>
         <subfield code="t">Abbreviations --</subfield>
         <subfield code="t">On the constitution of the art of medicine. Introduction ; Text and translation --</subfield>
         <subfield code="t">The art of medicine. Introduction ; Text and translation --</subfield>
         <subfield code="t">A method of medicine to Glaucon. Introduction ; Book I ; Book II.</subfield>
      </datafield>
      <datafield tag="520" ind1=" " ind2=" ">
         <subfield code="a">"Galen of Pergamum (AD 129-?199/216), physician to the court of the emperor Marcus Aurelius, was a philosopher, scientist, and medical historian, a theoretician and practitioner, who wrote forcefully and prolifically on an astonishing range of subjects and whose impact on later eras rivaled that of Aristotle. Galen synthesized the entirety of Greek medicine as a basis for his own doctrines and practice, which comprehensively embraced theory, practical knowledge, experiment, logic, and a deep understanding of human life and society. In the three classic works in this volume, On the Constitution of the Art of Medicine, The Art of Medicine, and A Method of Medicine to Glaucon, Galen covers fundamental aspects of his practice in a lucid and engaging style designed to appeal to a broad audience."--Jacket flap.</subfield>
      </datafield>
      <datafield tag="650" ind1=" " ind2="0">
         <subfield code="a">Medicine, Greek and Roman.</subfield>
      </datafield>
      <datafield tag="650" ind1=" " ind2="0">
         <subfield code="a">Medicine</subfield>
         <subfield code="v">Early works to 1800.</subfield>
      </datafield>
      <datafield tag="600" ind1="0" ind2="0">
         <subfield code="a">Galen.</subfield>
      </datafield>
      <datafield tag="600" ind1="0" ind2="0">
         <subfield code="a">Galen.</subfield>
         <subfield code="t">Ad Patrophilum de constitutione medicinae.</subfield>
      </datafield>
      <datafield tag="600" ind1="0" ind2="0">
         <subfield code="a">Galen.</subfield>
         <subfield code="t">Technē iatrikē.</subfield>
      </datafield>
      <datafield tag="600" ind1="0" ind2="0">
         <subfield code="a">Galen.</subfield>
         <subfield code="t">On the therapeutic method.</subfield>
      </datafield>
      <datafield tag="700" ind1="1" ind2=" ">
         <subfield code="a">Johnston, Ian,</subfield>
         <subfield code="d">1939-</subfield>
         <subfield code="e">editor,</subfield>
         <subfield code="e">translator.</subfield>
      </datafield>
      <datafield tag="700" ind1="0" ind2="2">
         <subfield code="i">Container of (expression):</subfield>
         <subfield code="a">Galen.</subfield>
         <subfield code="t">Ad Patrophilum de constitutione medicinae.</subfield>
         <subfield code="l">English</subfield>
         <subfield code="s">(Johnston)</subfield>
      </datafield>
      <datafield tag="700" ind1="0" ind2="2">
         <subfield code="i">Container of (expression):</subfield>
         <subfield code="a">Galen.</subfield>
         <subfield code="t">Ad Patrophilum de constitutione medicinae.</subfield>
         <subfield code="l">Greek</subfield>
         <subfield code="s">(Johnston)</subfield>
      </datafield>
      <datafield tag="700" ind1="0" ind2="2">
         <subfield code="i">Container of (expression):</subfield>
         <subfield code="a">Galen.</subfield>
         <subfield code="t">Ars medica.</subfield>
         <subfield code="l">English</subfield>
         <subfield code="s">(Johnston)</subfield>
      </datafield>
      <datafield tag="700" ind1="0" ind2="2">
         <subfield code="i">Container of (expression):</subfield>
         <subfield code="a">Galen.</subfield>
         <subfield code="t">Ars medica.</subfield>
         <subfield code="l">Greek</subfield>
         <subfield code="s">(Johnston)</subfield>
      </datafield>
      <datafield tag="700" ind1="0" ind2="2">
         <subfield code="i">Container of (expression):</subfield>
         <subfield code="a">Galen.</subfield>
         <subfield code="t">On the therapeutic method.</subfield>
         <subfield code="l">English</subfield>
         <subfield code="s">(Johnston)</subfield>
      </datafield>
      <datafield tag="700" ind1="0" ind2="2">
         <subfield code="i">Container of (expression):</subfield>
         <subfield code="a">Galen.</subfield>
         <subfield code="t">On the therapeutic method.</subfield>
         <subfield code="l">Greek</subfield>
         <subfield code="s">(Johnston)</subfield>
      </datafield>
      <datafield tag="710" ind1="2" ind2=" ">
         <subfield code="a">Harvard University.</subfield>
         <subfield code="b">Press,</subfield>
         <subfield code="e">publisher.</subfield>
      </datafield>
      <datafield tag="740" ind1="0" ind2="2">
         <subfield code="a">Art of medicine.</subfield>
      </datafield>
      <datafield tag="740" ind1="0" ind2="2">
         <subfield code="a">Method of medicine to Glaucon.</subfield>
      </datafield>
      <datafield tag="830" ind1=" " ind2="0">
         <subfield code="a">Loeb classical library ;</subfield>
         <subfield code="v">523.</subfield>
      </datafield>
      <datafield tag="OWN" ind1=" " ind2=" ">
         <subfield code="a">GENERAL</subfield>
      </datafield>
      <datafield tag="AVA" ind1=" " ind2=" ">
         <subfield code="a">NYU50</subfield>
         <subfield code="b">BOBST</subfield>
         <subfield code="c">1st Floor Reference - Study</subfield>
         <subfield code="d">PA3611 .A1 v.117D Non-circulating</subfield>
         <subfield code="e">available</subfield>
         <subfield code="t">Available</subfield>
         <subfield code="f">2</subfield>
         <subfield code="g">0</subfield>
         <subfield code="h">N</subfield>
         <subfield code="i">0</subfield>
         <subfield code="j">REF1S</subfield>
         <subfield code="k">0</subfield>
      </datafield>
      <datafield tag="AVA" ind1=" " ind2=" ">
         <subfield code="a">NYU50</subfield>
         <subfield code="b">NISAW</subfield>
         <subfield code="c">Reference 3 Collection</subfield>
         <subfield code="d">PA3612.G3 G35 2016 Non-circulating</subfield>
         <subfield code="e">available</subfield>
         <subfield code="t">Available</subfield>
         <subfield code="f">1</subfield>
         <subfield code="g">0</subfield>
         <subfield code="h">N</subfield>
         <subfield code="i">0</subfield>
         <subfield code="j">REF3</subfield>
         <subfield code="k">0</subfield>
      </datafield>
      <marc:datafield tag="852" ind1=" " ind2=" ">
         <marc:subfield code="b">Institute for the Study of the Ancient World, </marc:subfield>
         <marc:subfield code="c">Reference 3 Collection</marc:subfield>
         <marc:subfield code="e">15 East 84th St., </marc:subfield>
         <marc:subfield code="e">New York, NY  10028</marc:subfield>
      </marc:datafield>
   </record>