
  
  
  
  
  
  
  
  
  
 
  
  <record xsi:schemaLocation="http://www.loc.gov/MARC21/slim http://www.loc.gov/standards/marcxml/schema/MARC21slim.xsd">
      <leader>00000cam a2200757 i 4500</leader>
      <controlfield tag="FMT">BK</controlfield>
      <controlfield tag="LDR">00000cam a2200757 i 4500</controlfield>
      <controlfield tag="001">004494121</controlfield>
      <controlfield tag="003">OCoLC</controlfield>
      <controlfield tag="005">20161017121521.0</controlfield>
      <controlfield tag="008">161017t20152015mau      b    001 p eng c</controlfield>
      <datafield tag="010" ind1=" " ind2=" ">
         <subfield code="a">2014947089</subfield>
      </datafield>
      <datafield tag="020" ind1=" " ind2=" ">
         <subfield code="a">9780674996908</subfield>
      </datafield>
      <datafield tag="020" ind1=" " ind2=" ">
         <subfield code="a">0674996909</subfield>
      </datafield>
      <datafield tag="035" ind1=" " ind2=" ">
         <subfield code="a">(OCoLC)909602481</subfield>
         <subfield code="z">(OCoLC)893709535</subfield>
         <subfield code="z">(OCoLC)893897264</subfield>
      </datafield>
      <datafield tag="040" ind1=" " ind2=" ">
         <subfield code="a">STU</subfield>
         <subfield code="b">eng</subfield>
         <subfield code="e">rda</subfield>
         <subfield code="c">STU</subfield>
         <subfield code="d">DLC</subfield>
         <subfield code="d">YDXCP</subfield>
         <subfield code="d">UAB</subfield>
         <subfield code="d">SGB</subfield>
         <subfield code="d">UIU</subfield>
         <subfield code="d">XII</subfield>
         <subfield code="d">BTCTA</subfield>
         <subfield code="d">BDX</subfield>
         <subfield code="d">CIN</subfield>
         <subfield code="d">NYP</subfield>
         <subfield code="d">ZCU</subfield>
         <subfield code="d">UBY</subfield>
         <subfield code="d">STF</subfield>
         <subfield code="d">ALM</subfield>
         <subfield code="d">COO</subfield>
         <subfield code="d">S3O</subfield>
         <subfield code="d">OCLCO</subfield>
         <subfield code="d">NLGGC</subfield>
         <subfield code="d">QGK</subfield>
      </datafield>
      <datafield tag="041" ind1="1" ind2=" ">
         <subfield code="a">eng</subfield>
         <subfield code="a">lat</subfield>
         <subfield code="h">lat</subfield>
      </datafield>
      <datafield tag="042" ind1=" " ind2=" ">
         <subfield code="a">pcc</subfield>
      </datafield>
      <datafield tag="043" ind1=" " ind2=" ">
         <subfield code="a">ff-----</subfield>
         <subfield code="a">e------</subfield>
         <subfield code="a">aw-----</subfield>
      </datafield>
      <datafield tag="050" ind1="0" ind2="0">
         <subfield code="a">PA6697.E5</subfield>
         <subfield code="b">S5 2015</subfield>
      </datafield>
      <datafield tag="082" ind1="0" ind2="0">
         <subfield code="a">871/.01</subfield>
         <subfield code="2">23</subfield>
      </datafield>
      <datafield tag="100" ind1="1" ind2=" ">
         <subfield code="a">Statius, P. Papinius</subfield>
         <subfield code="q">(Publius Papinius),</subfield>
         <subfield code="e">author.</subfield>
      </datafield>
      <datafield tag="245" ind1="1" ind2="0">
         <subfield code="a">Silvae /</subfield>
         <subfield code="c">Statius ; edited and translated by D.R. Shackleton Bailey ; with corrections by Christopher A. Parrott.</subfield>
      </datafield>
      <datafield tag="250" ind1=" " ind2=" ">
         <subfield code="a">Corrected edition.</subfield>
      </datafield>
      <datafield tag="264" ind1=" " ind2="1">
         <subfield code="a">Cambridge, Massachusetts ;</subfield>
         <subfield code="a">London, England :</subfield>
         <subfield code="b">Harvard University Press,</subfield>
         <subfield code="c">2015.</subfield>
      </datafield>
      <datafield tag="300" ind1=" " ind2=" ">
         <subfield code="a">xxx, 427 pages ;</subfield>
         <subfield code="c">17 cm.</subfield>
      </datafield>
      <datafield tag="336" ind1=" " ind2=" ">
         <subfield code="a">text</subfield>
         <subfield code="b">txt</subfield>
         <subfield code="2">rdacontent</subfield>
      </datafield>
      <datafield tag="337" ind1=" " ind2=" ">
         <subfield code="a">unmediated</subfield>
         <subfield code="b">n</subfield>
         <subfield code="2">rdamedia</subfield>
      </datafield>
      <datafield tag="338" ind1=" " ind2=" ">
         <subfield code="a">volume</subfield>
         <subfield code="b">nc</subfield>
         <subfield code="2">rdacarrier</subfield>
      </datafield>
      <datafield tag="490" ind1="1" ind2=" ">
         <subfield code="a">Loeb classical library ;</subfield>
         <subfield code="v">206</subfield>
      </datafield>
      <datafield tag="490" ind1="1" ind2=" ">
         <subfield code="a">Statius ;</subfield>
         <subfield code="v">I</subfield>
      </datafield>
      <datafield tag="546" ind1=" " ind2=" ">
         <subfield code="a">Poems in Latin with English translations on facing pages; introduction in English.</subfield>
      </datafield>
      <datafield tag="504" ind1=" " ind2=" ">
         <subfield code="a">Includes bibliographical references, appendix, and index.</subfield>
      </datafield>
      <datafield tag="505" ind1="0" ind2="0">
         <subfield code="t">Recent scholarship on the Silvae /</subfield>
         <subfield code="r">Kathleen M. Coleman --</subfield>
         <subfield code="t">Statius to his friend Stella --</subfield>
         <subfield code="t">The statue of Domitian --</subfield>
         <subfield code="t">Wedding ode in honor of Stella and Violentilla --</subfield>
         <subfield code="t">The villa of Manilius Vopiscus --</subfield>
         <subfield code="t">To Rutilius Gallicus --</subfield>
         <subfield code="t">The Baths of Claudius Etruscus --</subfield>
         <subfield code="t">The kalends of December --</subfield>
         <subfield code="t">Statius to his friend Melior --</subfield>
         <subfield code="t">Glaucias --</subfield>
         <subfield code="t">The villa of Pollius Felix --</subfield>
         <subfield code="t">The tree of Atedius Melior --</subfield>
         <subfield code="t">The parrot of the same --</subfield>
         <subfield code="t">The tame lion --</subfield>
         <subfield code="t">Consolation to Flavius Ursus --</subfield>
         <subfield code="t">To Polla on Lucan's birthday --</subfield>
         <subfield code="t">Statius to his friend Pollius --</subfield>
         <subfield code="t">The Hercules at Surrentum --</subfield>
         <subfield code="t">Send-off to Maecius Celer --</subfield>
         <subfield code="t">Consolation to Claudius Etruscus --</subfield>
         <subfield code="t">The hair of Flavius Earinus --</subfield>
         <subfield code="t">To his wife Claudia --</subfield>
         <subfield code="t">Statius to his friend Marcellus --</subfield>
         <subfield code="t">The seventeenth consulship of Domitian --</subfield>
         <subfield code="t">To the Emperor Domitian --</subfield>
         <subfield code="t">The Domitian Way --</subfield>
         <subfield code="t">To Vitorius Marcellus --</subfield>
         <subfield code="t">Ode to Septimius Severus --</subfield>
         <subfield code="t">The Hercules statuette --</subfield>
         <subfield code="t">Ode to Vibius Maximus --</subfield>
         <subfield code="t">Poem of congratulation --</subfield>
         <subfield code="t">Jesting hendecasyllabics --</subfield>
         <subfield code="t">Statius to his friend Abascantus --</subfield>
         <subfield code="t">On the death of Priscilla --</subfield>
         <subfield code="t">Praises of Crispinus --</subfield>
         <subfield code="t">Lament for his father --</subfield>
         <subfield code="t">Sleep --</subfield>
         <subfield code="t">A lament for his boy.</subfield>
      </datafield>
      <datafield tag="520" ind1=" " ind2=" ">
         <subfield code="a">"Statius' Silvae, thirty-two occasional poems, were written probably between 89 and 96 AD. Here the poet congratulates friends, consoles mourners, offers thanks, admires a monument or artistic object, and describes a memorable scene. The verse is light in touch, with a distinct pictorial quality. Statius gives us in these impromptu poems clear images of Domitian's Rome. Statius was raised in the Greek cultural milieu of the Bay of Naples, and his Greek literary education lends a sophisticated veneer to his ornamental verse. The role of the emperor and the imperial circle in determining taste is also readily apparent: the figure of the emperor Domitian permeates these poems."-- Publisher description.</subfield>
      </datafield>
      <datafield tag="651" ind1=" " ind2="0">
         <subfield code="a">Rome</subfield>
         <subfield code="x">History</subfield>
         <subfield code="y">Domitian, 81-96</subfield>
         <subfield code="v">Poetry.</subfield>
      </datafield>
      <datafield tag="600" ind1="1" ind2="0">
         <subfield code="a">Statius, P. Papinius</subfield>
         <subfield code="q">(Publius Papinius)</subfield>
         <subfield code="x">Criticism and interpretation.</subfield>
      </datafield>
      <datafield tag="650" ind1=" " ind2="7">
         <subfield code="a">Occasional verse, Latin.</subfield>
         <subfield code="2">fast</subfield>
         <subfield code="0">(OCoLC)fst01043062</subfield>
      </datafield>
      <datafield tag="651" ind1=" " ind2="7">
         <subfield code="a">Rome (Empire)</subfield>
         <subfield code="2">fast</subfield>
         <subfield code="0">(OCoLC)fst01204885</subfield>
      </datafield>
      <datafield tag="600" ind1="1" ind2="4">
         <subfield code="a">Statius, Publius Papinius,</subfield>
         <subfield code="d">ca 45-ca 96 e.Kr.</subfield>
         <subfield code="x">analys och tolkning.</subfield>
      </datafield>
      <datafield tag="650" ind1=" " ind2="7">
         <subfield code="a">Latinsk tillfällespoesi.</subfield>
         <subfield code="2">sao</subfield>
      </datafield>
      <datafield tag="648" ind1=" " ind2="7">
         <subfield code="a">81 - 96.</subfield>
         <subfield code="2">fast</subfield>
      </datafield>
      <datafield tag="655" ind1=" " ind2="4">
         <subfield code="a">Occasional verse, Latin.</subfield>
      </datafield>
      <datafield tag="655" ind1=" " ind2="4">
         <subfield code="a">Occasional verse, Latin</subfield>
         <subfield code="v">Translations into English.</subfield>
      </datafield>
      <datafield tag="655" ind1=" " ind2="7">
         <subfield code="a">History.</subfield>
         <subfield code="2">fast</subfield>
         <subfield code="0">(OCoLC)fst01411628</subfield>
      </datafield>
      <datafield tag="655" ind1=" " ind2="7">
         <subfield code="a">Poetry.</subfield>
         <subfield code="2">fast</subfield>
         <subfield code="0">(OCoLC)fst01423828</subfield>
      </datafield>
      <datafield tag="655" ind1=" " ind2="7">
         <subfield code="a">Translations.</subfield>
         <subfield code="2">fast</subfield>
         <subfield code="0">(OCoLC)fst01423791</subfield>
      </datafield>
      <datafield tag="655" ind1=" " ind2="7">
         <subfield code="a">Vertalingen (vorm)</subfield>
         <subfield code="2">gtt</subfield>
         <subfield code="0">(NL-LeOCL)088145166</subfield>
      </datafield>
      <datafield tag="655" ind1=" " ind2="7">
         <subfield code="a">Gedichten (teksten)</subfield>
         <subfield code="2">gtt</subfield>
         <subfield code="0">(NL-LeOCL)112192203</subfield>
      </datafield>
      <datafield tag="700" ind1="1" ind2=" ">
         <subfield code="a">Shackleton Bailey, D. R.</subfield>
         <subfield code="q">(David Roy),</subfield>
         <subfield code="d">1917-2005,</subfield>
         <subfield code="e">editor,</subfield>
         <subfield code="e">translator.</subfield>
      </datafield>
      <datafield tag="700" ind1="1" ind2=" ">
         <subfield code="a">Parrott, Christopher A.,</subfield>
         <subfield code="e">editor,</subfield>
         <subfield code="e">translator.</subfield>
      </datafield>
      <datafield tag="700" ind1="1" ind2="2">
         <subfield code="i">Container of (expression):</subfield>
         <subfield code="a">Statius, P. Papinius</subfield>
         <subfield code="q">(Publius Papinius).</subfield>
         <subfield code="t">Silvae.</subfield>
         <subfield code="l">English</subfield>
         <subfield code="s">(Shackleton Bailey and Parrott)</subfield>
      </datafield>
      <datafield tag="700" ind1="1" ind2="2">
         <subfield code="i">Container of (expression):</subfield>
         <subfield code="a">Statius, P. Papinius</subfield>
         <subfield code="q">(Publius Papinius).</subfield>
         <subfield code="t">Silvae.</subfield>
         <subfield code="l">Latin</subfield>
         <subfield code="s">(Shackleton Bailey and Parrott)</subfield>
      </datafield>
      <datafield tag="700" ind1="1" ind2="2">
         <subfield code="i">Container of (work):</subfield>
         <subfield code="a">Coleman, K. M.</subfield>
         <subfield code="q">(Kathleen M.).</subfield>
         <subfield code="t">Recent scholarship on the Silvae.</subfield>
      </datafield>
      <datafield tag="830" ind1=" " ind2="0">
         <subfield code="a">Loeb classical library ;</subfield>
         <subfield code="v">206.</subfield>
      </datafield>
      <datafield tag="800" ind1="1" ind2=" ">
         <subfield code="a">Statius, P. Papinius</subfield>
         <subfield code="q">(Publius Papinius).</subfield>
         <subfield code="t">Works.</subfield>
         <subfield code="l">English</subfield>
         <subfield code="s">(Shackleton Bailey and Parrott) ;</subfield>
         <subfield code="v">1.</subfield>
      </datafield>
      <datafield tag="800" ind1="1" ind2=" ">
         <subfield code="a">Statius, P. Papinius</subfield>
         <subfield code="q">(Publius Papinius).</subfield>
         <subfield code="t">Works.</subfield>
         <subfield code="l">Latin</subfield>
         <subfield code="s">(Shackleton Bailey and Parrott) ;</subfield>
         <subfield code="v">1.</subfield>
      </datafield>
      <datafield tag="994" ind1=" " ind2=" ">
         <subfield code="a">Z0</subfield>
         <subfield code="b">ZYU</subfield>
      </datafield>
      <datafield tag="OWN" ind1=" " ind2=" ">
         <subfield code="a">GENERAL</subfield>
      </datafield>
      <datafield tag="AVA" ind1=" " ind2=" ">
         <subfield code="a">NYU50</subfield>
         <subfield code="b">NISAW</subfield>
         <subfield code="c">Reference 3 Collection</subfield>
         <subfield code="d">PA6156.S7 S73 2015 Non-circulating</subfield>
         <subfield code="e">available</subfield>
         <subfield code="t">Available</subfield>
         <subfield code="f">1</subfield>
         <subfield code="g">0</subfield>
         <subfield code="h">N</subfield>
         <subfield code="i">0</subfield>
         <subfield code="j">REF3</subfield>
         <subfield code="k">0</subfield>
      </datafield>
      <marc:datafield tag="852" ind1=" " ind2=" ">
         <marc:subfield code="b">Institute for the Study of the Ancient World, </marc:subfield>
         <marc:subfield code="c">Reference 3 Collection</marc:subfield>
         <marc:subfield code="e">15 East 84th St., </marc:subfield>
         <marc:subfield code="e">New York, NY  10028</marc:subfield>
      </marc:datafield>
   </record>