
  
  
  
  
  
  
  
  
  
 
  
  <record xsi:schemaLocation="http://www.loc.gov/MARC21/slim http://www.loc.gov/standards/marcxml/schema/MARC21slim.xsd">
      <leader>00000cam a2200469 a 4500</leader>
      <controlfield tag="FMT">BK</controlfield>
      <controlfield tag="LDR">00000cam a2200469 a 4500</controlfield>
      <controlfield tag="001">002814283</controlfield>
      <controlfield tag="003">OCoLC</controlfield>
      <controlfield tag="005">20161031140538.0</controlfield>
      <controlfield tag="008">840514m19529999ru a     b    100 0 ruso</controlfield>
      <datafield tag="010" ind1=" " ind2=" ">
         <subfield code="a">54035147</subfield>
      </datafield>
      <datafield tag="035" ind1=" " ind2=" ">
         <subfield code="a">(OCoLC)10800995</subfield>
         <subfield code="z">(OCoLC)2954572</subfield>
      </datafield>
      <datafield tag="040" ind1=" " ind2=" ">
         <subfield code="a">DLC</subfield>
         <subfield code="b">eng</subfield>
         <subfield code="c">DLC</subfield>
         <subfield code="d">CUY</subfield>
         <subfield code="d">FDA</subfield>
         <subfield code="d">CRL</subfield>
         <subfield code="d">OCLCF</subfield>
         <subfield code="d">OCLCQ</subfield>
         <subfield code="d">ZYU</subfield>
      </datafield>
      <datafield tag="043" ind1=" " ind2=" ">
         <subfield code="a">a-uz---</subfield>
      </datafield>
      <datafield tag="050" ind1="0" ind2="0">
         <subfield code="a">DK881</subfield>
         <subfield code="b">.K45</subfield>
      </datafield>
      <datafield tag="066" ind1=" " ind2=" ">
         <subfield code="c">(N</subfield>
      </datafield>
      <datafield tag="111" ind1="2" ind2=" ">
         <subfield code="6">880-01</subfield>
         <subfield code="a">Khorezmskai͡a arkheologo-ėtnograficheskai͡a ėkspedit͡sii͡a</subfield>
         <subfield code="d">(1937- )</subfield>
      </datafield>
      <datafield tag="245" ind1="1" ind2="0">
         <subfield code="6">880-02</subfield>
         <subfield code="a">Trudy Khorezmskoĭ arkheologo-ėtnograficheskoĭ ėkspedit͡sii.</subfield>
      </datafield>
      <datafield tag="260" ind1=" " ind2=" ">
         <subfield code="6">880-03</subfield>
         <subfield code="a">Moskva :</subfield>
         <subfield code="b">Izd-vo Akademii nauk SSSR,</subfield>
         <subfield code="c">1952-&lt;1984&gt;</subfield>
      </datafield>
      <datafield tag="300" ind1=" " ind2=" ">
         <subfield code="a">volumes &lt;1-16&gt; :</subfield>
         <subfield code="b">illustrations ;</subfield>
         <subfield code="c">27 cm</subfield>
      </datafield>
      <datafield tag="336" ind1=" " ind2=" ">
         <subfield code="a">text</subfield>
         <subfield code="b">txt</subfield>
         <subfield code="2">rdacontent</subfield>
      </datafield>
      <datafield tag="337" ind1=" " ind2=" ">
         <subfield code="a">unmediated</subfield>
         <subfield code="b">n</subfield>
         <subfield code="2">rdamedia</subfield>
      </datafield>
      <datafield tag="338" ind1=" " ind2=" ">
         <subfield code="a">volume</subfield>
         <subfield code="b">nc</subfield>
         <subfield code="2">rdacarrier</subfield>
      </datafield>
      <datafield tag="500" ind1=" " ind2=" ">
         <subfield code="6">880-04</subfield>
         <subfield code="a">On leaf preceding title page, v. &lt;11-16&gt; : Akademii͡a nauk SSSR. Institut ėtnografii imeni N.N. Miklukho-Maklai͡a.</subfield>
      </datafield>
      <datafield tag="500" ind1=" " ind2=" ">
         <subfield code="6">880-05</subfield>
         <subfield code="a">Vols. &lt;11-16&gt; have imprint: Moskva : Izd-vo "Nauka."</subfield>
      </datafield>
      <datafield tag="504" ind1=" " ind2=" ">
         <subfield code="a">Includes bibliographical references.</subfield>
      </datafield>
      <datafield tag="505" ind1="1" ind2="0">
         <subfield code="6">880-06</subfield>
         <subfield code="g">1.</subfield>
         <subfield code="t">Arkheologicheskie i ėtnograficheskie raboty, 1945-1948 --</subfield>
         <subfield code="g">2.</subfield>
         <subfield code="t">Arkheograficheskie i ėtnograficheskie raboty, 1949-1953 --</subfield>
         <subfield code="g">3.</subfield>
         <subfield code="t">Materialy i issledovanii͡a po ėtnografii Karakalpakov --</subfield>
         <subfield code="g">4.</subfield>
         <subfield code="t">Keramika Khorezma --</subfield>
         <subfield code="g">5.</subfield>
         <subfield code="t">Koi-Krylgan-Kala; pami͡atnik kulʹtury drevnego Khorezma IV v. do n.ė.-IV v. n.ė. --</subfield>
         <subfield code="g">6.</subfield>
         <subfield code="t">Iz istorii religii drevnego Khorezma (ossuarii) /</subfield>
         <subfield code="r">Rapoport, I͡U.A. --</subfield>
         <subfield code="g">7.</subfield>
         <subfield code="t">Keramika Nizhneĭ i Sredneĭ Syrdarʹi v I tysi͡acheletii n.ė. /</subfield>
         <subfield code="r">Levina, L.M. --</subfield>
         <subfield code="g">8.</subfield>
         <subfield code="t">Kulʹtura sakskikh plemen nizovʹev Syrdarʹi v VII-V vv. do n.ė. /</subfield>
         <subfield code="r">Vishnevskai͡a, O.A. --</subfield>
         <subfield code="g">9.</subfield>
         <subfield code="t">Selʹskoe zhilishche v Khorezme (I-XIV vv.) /</subfield>
         <subfield code="r">Nerazik, E.E. --</subfield>
         <subfield code="g">10.</subfield>
         <subfield code="t">Istorii͡a stepnykh plemen i͡uzhnogo priaralʹi͡a/II-nachalo I tysi͡acheletii͡a do n.ė. /</subfield>
         <subfield code="r">Itina, M.A. --</subfield>
         <subfield code="g">11.</subfield>
         <subfield code="t">Kochevniki na granit͡sakh Khorezma --</subfield>
         <subfield code="g">12.</subfield>
         <subfield code="t">Gorodishche Toprak-kala (raskopki 1965-1975 gg.) --</subfield>
         <subfield code="g">13.</subfield>
         <subfield code="t">Drevnie okhotniki i rybolovy sredneaziatskogo mezhdurechʹi͡a /</subfield>
         <subfield code="r">Vinogradov, A.V. --</subfield>
         <subfield code="g">14.</subfield>
         <subfield code="t">Toprak-kala; dvoret͡s --</subfield>
         <subfield code="g">15.</subfield>
         <subfield code="t">Drevneĭshee naselenie nizoviĭ Amudarʹi --</subfield>
         <subfield code="g">16.</subfield>
         <subfield code="t">Drevnosti I͡Uzhnogo Khorezma.</subfield>
      </datafield>
      <datafield tag="500" ind1=" " ind2=" ">
         <subfield code="a">ISAW copy (t. 8 &amp; 10) is from the library of Aleksandr Leskov.</subfield>
         <subfield code="5">NyNyUAW</subfield>
      </datafield>
      <datafield tag="651" ind1=" " ind2="0">
         <subfield code="a">Khorazm oblasti (Uzbekistan)</subfield>
         <subfield code="x">Antiquities.</subfield>
      </datafield>
      <datafield tag="651" ind1=" " ind2="0">
         <subfield code="a">Uzbekistan</subfield>
         <subfield code="x">Antiquities.</subfield>
      </datafield>
      <datafield tag="650" ind1=" " ind2="0">
         <subfield code="a">Excavations (Archaeology)</subfield>
         <subfield code="z">Uzbekistan</subfield>
         <subfield code="z">Khorazm oblasti.</subfield>
      </datafield>
      <datafield tag="650" ind1=" " ind2="7">
         <subfield code="a">Antiquities.</subfield>
         <subfield code="2">fast</subfield>
         <subfield code="0">(OCoLC)fst00810745</subfield>
      </datafield>
      <datafield tag="651" ind1=" " ind2="7">
         <subfield code="a">Uzbekistan.</subfield>
         <subfield code="2">fast</subfield>
         <subfield code="0">(OCoLC)fst01260657</subfield>
      </datafield>
      <datafield tag="651" ind1=" " ind2="7">
         <subfield code="a">Uzbekistan</subfield>
         <subfield code="z">Khorazm oblasti.</subfield>
         <subfield code="2">fast</subfield>
         <subfield code="0">(OCoLC)fst01222177</subfield>
      </datafield>
      <datafield tag="700" ind1="1" ind2=" ">
         <subfield code="a">Leskov, Aleksandr Mikhaĭlovich,</subfield>
         <subfield code="e">former owner.</subfield>
         <subfield code="5">NyNyUAW</subfield>
      </datafield>
      <datafield tag="740" ind1="0" ind2=" ">
         <subfield code="a">Leskov Collection.</subfield>
         <subfield code="5">NyNyUAW</subfield>
      </datafield>
      <datafield tag="710" ind1="2" ind2=" ">
         <subfield code="6">880-07</subfield>
         <subfield code="a">Institut ėtnografii imeni N.N. Miklukho-Maklai͡a.</subfield>
      </datafield>
      <datafield tag="700" ind1="1" ind2=" ">
         <subfield code="a">Leskov, Aleksandr Mikhaĭlovich,</subfield>
         <subfield code="e">former owner.</subfield>
         <subfield code="5">NyNyUAW</subfield>
      </datafield>
      <datafield tag="740" ind1="0" ind2=" ">
         <subfield code="a">Leskov Collection.</subfield>
         <subfield code="5">NyNyUAW</subfield>
      </datafield>
      <datafield tag="880" ind1="2" ind2=" ">
         <subfield code="6">111-01/</subfield>
         <subfield code="a">Хорезмская археолого-этнографическая экспедиция</subfield>
         <subfield code="d">(1937- )</subfield>
      </datafield>
      <datafield tag="880" ind1="1" ind2="0">
         <subfield code="6">245-02/</subfield>
         <subfield code="a">Труды Хорезмской археолого-этнографической экспедиции.</subfield>
      </datafield>
      <datafield tag="880" ind1=" " ind2=" ">
         <subfield code="6">260-03/</subfield>
         <subfield code="a">Москва :</subfield>
         <subfield code="b">Изд-во Академии наук СССР,</subfield>
         <subfield code="c">1952-&lt;1984&gt;</subfield>
      </datafield>
      <datafield tag="880" ind1=" " ind2=" ">
         <subfield code="6">500-04/</subfield>
         <subfield code="a">On leaf preceding title page, v. &lt;11-16&gt; : Академия наук СССР. Институт этнографии имени Н.Н. Миклухо-Маклая.</subfield>
      </datafield>
      <datafield tag="880" ind1=" " ind2=" ">
         <subfield code="6">500-05/</subfield>
         <subfield code="a">Vols. &lt;11-16&gt; have imprint: Москва : Изд-во "Наука."</subfield>
      </datafield>
      <datafield tag="880" ind1="1" ind2="0">
         <subfield code="6">505-06/</subfield>
         <subfield code="g">1.</subfield>
         <subfield code="t">Археологические и этнографические работы, 1945-1948 --</subfield>
         <subfield code="g">2.</subfield>
         <subfield code="t">Археографические и этнографические работы, 1949-1953 --</subfield>
         <subfield code="g">3.</subfield>
         <subfield code="t">Материалы и исследования по этнографии Каракалпаков --</subfield>
         <subfield code="g">4.</subfield>
         <subfield code="t">Керамика Хорезма --</subfield>
         <subfield code="g">5.</subfield>
         <subfield code="t">Кои-Крылган-Кала; памятник культуры древнего Хорезма IV в. до н.э.-IV в. н.э. --</subfield>
         <subfield code="g">6.</subfield>
         <subfield code="t">Из истории религии древнего Хорезма (оссуарии) /</subfield>
         <subfield code="r">Рапопорт, Ю.А. --</subfield>
         <subfield code="g">7.</subfield>
         <subfield code="t">Керамика Нижней и Средней Сырдарьи в I тысячелетии н.э. /</subfield>
         <subfield code="r">Левина, Л.М. --</subfield>
         <subfield code="g">8.</subfield>
         <subfield code="t">Культура сакских племен низовьев Сырдарьи в VII-V вв. до н.э. /</subfield>
         <subfield code="r">Вишневская, О.А. --</subfield>
         <subfield code="g">9.</subfield>
         <subfield code="t">Сельское жилище в Хорезме (I-ХIV вв.) /</subfield>
         <subfield code="r">Неразик, Е.Е. --</subfield>
         <subfield code="g">10.</subfield>
         <subfield code="t">История степных племен южного приаралья/II-начало I тысячелетия до н.э. /</subfield>
         <subfield code="r">Итина, М.А. --</subfield>
         <subfield code="g">11.</subfield>
         <subfield code="t">Кочевники на границах Хорезма --</subfield>
         <subfield code="g">12.</subfield>
         <subfield code="t">Городище Топрак-кала (раскопки 1965-1975 гг.) --</subfield>
         <subfield code="g">13.</subfield>
         <subfield code="t">Древние охотники и рыболовы среднеазиатского междуречья /</subfield>
         <subfield code="r">Виноградов, А. В. --</subfield>
         <subfield code="g">14.</subfield>
         <subfield code="t">Топрак-кала; дворец --</subfield>
         <subfield code="g">15.</subfield>
         <subfield code="t">Древнейшее население низовий Амударьи --</subfield>
         <subfield code="g">16.</subfield>
         <subfield code="t">Древности Южного Хорезма.</subfield>
      </datafield>
      <datafield tag="880" ind1="2" ind2=" ">
         <subfield code="6">710-07/</subfield>
         <subfield code="a">Институт этнографии имени Н.Н. Миклухо-Маклая.</subfield>
      </datafield>
      <datafield tag="OWN" ind1=" " ind2=" ">
         <subfield code="a">GENERAL</subfield>
      </datafield>
      <datafield tag="AVA" ind1=" " ind2=" ">
         <subfield code="a">NYU50</subfield>
         <subfield code="b">NIFA</subfield>
         <subfield code="c">Main Collection</subfield>
         <subfield code="d">DK881 .K45 Non-circulating</subfield>
         <subfield code="e">unavailable</subfield>
         <subfield code="t">Unavailable</subfield>
         <subfield code="f">2</subfield>
         <subfield code="g">2</subfield>
         <subfield code="h">Y</subfield>
         <subfield code="i">4</subfield>
         <subfield code="j">MAIN</subfield>
         <subfield code="k">0</subfield>
      </datafield>
      <datafield tag="AVA" ind1=" " ind2=" ">
         <subfield code="a">NYU50</subfield>
         <subfield code="b">NISAW</subfield>
         <subfield code="c">Large Collection</subfield>
         <subfield code="d">DK881 .K45 1952 Non-circulating</subfield>
         <subfield code="e">available</subfield>
         <subfield code="t">Available</subfield>
         <subfield code="f">2</subfield>
         <subfield code="g">0</subfield>
         <subfield code="h">Y</subfield>
         <subfield code="i">0</subfield>
         <subfield code="j">LARGE</subfield>
         <subfield code="k">0</subfield>
      </datafield>
      <marc:datafield tag="852" ind1=" " ind2=" ">
         <marc:subfield code="b">Institute for the Study of the Ancient World, </marc:subfield>
         <marc:subfield code="c">Large Collection</marc:subfield>
         <marc:subfield code="e">15 East 84th St., </marc:subfield>
         <marc:subfield code="e">New York, NY  10028</marc:subfield>
      </marc:datafield>
   </record>