
  
  
  
  
  
  
  
  
 
  
  <record xsi:schemaLocation="http://www.loc.gov/MARC21/slim http://www.loc.gov/standards/marcxml/schema/MARC21slim.xsd">
      <leader>00000nrm a22      i 4500</leader>
      <controlfield tag="FMT">VM</controlfield>
      <controlfield tag="LDR">00000nrm a22      i 4500</controlfield>
      <controlfield tag="001">004498100</controlfield>
      <controlfield tag="005">20161021094544.0</controlfield>
      <controlfield tag="008">161021t20142014ilunnn            gneng d</controlfield>
      <datafield tag="024" ind1="1" ind2=" ">
         <subfield code="a">029877032211</subfield>
      </datafield>
      <datafield tag="028" ind1="5" ind2="2">
         <subfield code="a">3221</subfield>
         <subfield code="b">Mayfair Games</subfield>
      </datafield>
      <datafield tag="040" ind1=" " ind2=" ">
         <subfield code="a">NNU</subfield>
         <subfield code="b">eng</subfield>
         <subfield code="e">rda</subfield>
         <subfield code="c">NNU</subfield>
      </datafield>
      <datafield tag="043" ind1=" " ind2=" ">
         <subfield code="a">f-ua---</subfield>
      </datafield>
      <datafield tag="100" ind1="1" ind2=" ">
         <subfield code="a">Teubner, Klaus,</subfield>
         <subfield code="d">1952-</subfield>
         <subfield code="e">author.</subfield>
      </datafield>
      <datafield tag="245" ind1="1" ind2="0">
         <subfield code="a">Catan collectors edition :</subfield>
         <subfield code="b">ancient Egypt /</subfield>
         <subfield code="c">Klaus Teubner.</subfield>
      </datafield>
      <datafield tag="246" ind1="3" ind2="0">
         <subfield code="a">Catan ancient Egypt</subfield>
      </datafield>
      <datafield tag="264" ind1=" " ind2="1">
         <subfield code="a">Skokie, IL :</subfield>
         <subfield code="b">Mayfair Games,</subfield>
         <subfield code="c">[2014]</subfield>
      </datafield>
      <datafield tag="264" ind1=" " ind2="4">
         <subfield code="c">©2014.</subfield>
      </datafield>
      <datafield tag="300" ind1=" " ind2=" ">
         <subfield code="a">1 game (19 terrain hexes, 6 frame pieces, 18 number tokens, 95 resource cards, 25 development cards, 4 building cost cards, 2 special cards, 16 temple city pieces, 20 settlement pieces, 60 oxcart pieces, 1 robber piece, 2 dice, 2 card holders, rules booklet (8 pages), 1 almanac booklet (16 pages)) :</subfield>
         <subfield code="b">cardboard, paper, plastic, color illustrations ;</subfield>
         <subfield code="c">in box, 30 x 30 cm.</subfield>
      </datafield>
      <datafield tag="336" ind1=" " ind2=" ">
         <subfield code="a">three-dimensional form</subfield>
         <subfield code="b">tdf</subfield>
         <subfield code="2">rdacontent</subfield>
      </datafield>
      <datafield tag="337" ind1=" " ind2=" ">
         <subfield code="a">unmediated</subfield>
         <subfield code="b">n</subfield>
         <subfield code="2">rdamedia</subfield>
      </datafield>
      <datafield tag="338" ind1=" " ind2=" ">
         <subfield code="a">object</subfield>
         <subfield code="b">nr</subfield>
         <subfield code="2">rdacarrier</subfield>
      </datafield>
      <datafield tag="500" ind1=" " ind2=" ">
         <subfield code="a">Title and statement of responsibility from container.</subfield>
      </datafield>
      <datafield tag="500" ind1=" " ind2=" ">
         <subfield code="a">3-4 players.</subfield>
      </datafield>
      <datafield tag="521" ind1=" " ind2=" ">
         <subfield code="a">Ages 10+</subfield>
      </datafield>
      <datafield tag="500" ind1=" " ind2=" ">
         <subfield code="a">Duration of play: approximately 75 minutes.</subfield>
      </datafield>
      <datafield tag="520" ind1=" " ind2=" ">
         <subfield code="a">"The sun of Catan rises over the hot desert sands of Ancient Egypt. Klaus Teuber has re-worked his masterpiece The Settlers of Catan for this unique collector's edition. Settle along the banks of the Nile during the time of the Pharaohs. With the help of your oxcart you build small villages and great temples styled after some of the most interesting buildings of Egyptian antiquity. Beware of the robber! His chariot can interrupt production at your cattle pastures papyrus groves and quarries. After you master the Base Game you can try these interesting variants and scenarios: Help from the Gods: Adds 10 god cards whose powers add a variety of options for dynamic gameplay. The Great Pyramid allows you to build papyrus boats across the Nile and compete for the pharaoh's blessing and the vizier's favor by building blocks onto the great pyramid."--Container</subfield>
      </datafield>
      <datafield tag="650" ind1=" " ind2="0">
         <subfield code="a">Board games</subfield>
         <subfield code="v">Specimens.</subfield>
      </datafield>
      <datafield tag="651" ind1=" " ind2="0">
         <subfield code="a">Egypt</subfield>
         <subfield code="x">Civilization</subfield>
         <subfield code="y">To 332 B.C.</subfield>
      </datafield>
      <datafield tag="710" ind1="2" ind2=" ">
         <subfield code="a">Mayfair Games Inc.,</subfield>
         <subfield code="e">publisher.</subfield>
      </datafield>
      <datafield tag="700" ind1="1" ind2=" ">
         <subfield code="i">augmentation of (work):</subfield>
         <subfield code="a">Teubner, Klaus,</subfield>
         <subfield code="d">1952-</subfield>
         <subfield code="t">Siedler von Catan.</subfield>
      </datafield>
      <datafield tag="740" ind1="0" ind2=" ">
         <subfield code="a">Settlers of Catan.</subfield>
      </datafield>
      <datafield tag="OWN" ind1=" " ind2=" ">
         <subfield code="a">GENERAL</subfield>
      </datafield>
      <datafield tag="AVA" ind1=" " ind2=" ">
         <subfield code="a">NYU50</subfield>
         <subfield code="b">NISAW</subfield>
         <subfield code="c">Reference 3 Collection</subfield>
         <subfield code="d">MEDIA 1605 Non-circulating</subfield>
         <subfield code="e">available</subfield>
         <subfield code="t">Available</subfield>
         <subfield code="f">1</subfield>
         <subfield code="g">0</subfield>
         <subfield code="h">N</subfield>
         <subfield code="i">0</subfield>
         <subfield code="j">REF3</subfield>
      </datafield>
      <marc:datafield tag="852" ind1=" " ind2=" ">
         <marc:subfield code="b">Institute for the Study of the Ancient World, </marc:subfield>
         <marc:subfield code="c">Reference 3 Collection</marc:subfield>
         <marc:subfield code="e">15 East 84th St., </marc:subfield>
         <marc:subfield code="e">New York, NY  10028</marc:subfield>
      </marc:datafield>
   </record>