
  
  
  
  
  
  
  
  
  
 
  
  <record xsi:schemaLocation="http://www.loc.gov/MARC21/slim http://www.loc.gov/standards/marcxml/schema/MARC21slim.xsd">
      <leader>00000cam a2200673 a 4500</leader>
      <controlfield tag="FMT">BK</controlfield>
      <controlfield tag="LDR">00000cam a2200673 a 4500</controlfield>
      <controlfield tag="001">004498222</controlfield>
      <controlfield tag="003">OCoLC</controlfield>
      <controlfield tag="005">20161021132639.0</controlfield>
      <controlfield tag="008">161021s2006    ru ab    b    000 0 rus d</controlfield>
      <datafield tag="010" ind1=" " ind2=" ">
         <subfield code="a">2008481125</subfield>
      </datafield>
      <datafield tag="020" ind1=" " ind2=" ">
         <subfield code="a">5780301514</subfield>
      </datafield>
      <datafield tag="020" ind1=" " ind2=" ">
         <subfield code="a">9785780301516</subfield>
      </datafield>
      <datafield tag="035" ind1=" " ind2=" ">
         <subfield code="a">(OCoLC)124062706</subfield>
      </datafield>
      <datafield tag="040" ind1=" " ind2=" ">
         <subfield code="a">EVIEW</subfield>
         <subfield code="b">eng</subfield>
         <subfield code="c">EVIEW</subfield>
         <subfield code="d">DLC</subfield>
         <subfield code="d">PAU</subfield>
         <subfield code="d">CUY</subfield>
         <subfield code="d">WAU</subfield>
         <subfield code="d">OCLCF</subfield>
         <subfield code="d">GZM</subfield>
         <subfield code="d">OCLCQ</subfield>
         <subfield code="d">NNU</subfield>
      </datafield>
      <datafield tag="042" ind1=" " ind2=" ">
         <subfield code="a">lccopycat</subfield>
      </datafield>
      <datafield tag="043" ind1=" " ind2=" ">
         <subfield code="a">e-urs--</subfield>
         <subfield code="a">e-urw--</subfield>
      </datafield>
      <datafield tag="050" ind1="0" ind2="0">
         <subfield code="a">GN855.R9</subfield>
         <subfield code="b">P69 2006</subfield>
      </datafield>
      <datafield tag="066" ind1=" " ind2=" ">
         <subfield code="c">(N</subfield>
      </datafield>
      <datafield tag="100" ind1="1" ind2=" ">
         <subfield code="6">880-01</subfield>
         <subfield code="a">Pozdni͡akov, D. V.</subfield>
         <subfield code="q">(Dmitriĭ Vladimirovich)</subfield>
         <subfield code="e">author.</subfield>
      </datafield>
      <datafield tag="245" ind1="1" ind2="0">
         <subfield code="6">880-02</subfield>
         <subfield code="a">Paleoantropologii͡a naselenii͡a i͡uga Zapadnoĭ Sibiri ėpokhi srednevekovʹi͡a :</subfield>
         <subfield code="b">vtorai͡a polovina I--pervai͡a polovina II tys. n.ė. /</subfield>
         <subfield code="c">D.V. Pozdni͡akov ; otvetstvennyĭ redaktor T.A. Chikisheva.</subfield>
      </datafield>
      <datafield tag="260" ind1=" " ind2=" ">
         <subfield code="6">880-03</subfield>
         <subfield code="a">Novosibirsk :</subfield>
         <subfield code="b">Izd-vo Instituta arkheologii i ėtnografii SO RAN,</subfield>
         <subfield code="c">2006.</subfield>
      </datafield>
      <datafield tag="300" ind1=" " ind2=" ">
         <subfield code="a">134 pages :</subfield>
         <subfield code="b">illustrations, maps ;</subfield>
         <subfield code="c">28 cm</subfield>
      </datafield>
      <datafield tag="336" ind1=" " ind2=" ">
         <subfield code="a">text</subfield>
         <subfield code="b">txt</subfield>
         <subfield code="2">rdacontent</subfield>
      </datafield>
      <datafield tag="337" ind1=" " ind2=" ">
         <subfield code="a">unmediated</subfield>
         <subfield code="b">n</subfield>
         <subfield code="2">rdamedia</subfield>
      </datafield>
      <datafield tag="338" ind1=" " ind2=" ">
         <subfield code="a">volume</subfield>
         <subfield code="b">nc</subfield>
         <subfield code="2">rdacarrier</subfield>
      </datafield>
      <datafield tag="500" ind1=" " ind2=" ">
         <subfield code="6">880-04</subfield>
         <subfield code="a">At head of title: Rossiĭskai͡a akademii͡a nauk. Sibirskoe otdelenie. Anstitut [sic] arkheologii i ėtnografii.</subfield>
      </datafield>
      <datafield tag="500" ind1=" " ind2=" ">
         <subfield code="6">880-05</subfield>
         <subfield code="a">"Nauchnoe izdanie"--Colophon.</subfield>
      </datafield>
      <datafield tag="504" ind1=" " ind2=" ">
         <subfield code="a">Includes bibliographical references (pages 60-63).</subfield>
      </datafield>
      <datafield tag="500" ind1=" " ind2=" ">
         <subfield code="a">In Russian.</subfield>
      </datafield>
      <datafield tag="650" ind1=" " ind2="0">
         <subfield code="a">Paleoanthropology</subfield>
         <subfield code="z">Russia (Federation)</subfield>
         <subfield code="z">Siberia, Western.</subfield>
      </datafield>
      <datafield tag="650" ind1=" " ind2="0">
         <subfield code="a">Prehistoric peoples</subfield>
         <subfield code="z">Russia (Federation)</subfield>
         <subfield code="z">Siberia, Western.</subfield>
      </datafield>
      <datafield tag="650" ind1=" " ind2="0">
         <subfield code="a">Anthropometry</subfield>
         <subfield code="z">Russia (Federation)</subfield>
         <subfield code="z">Siberia, Western.</subfield>
      </datafield>
      <datafield tag="651" ind1=" " ind2="0">
         <subfield code="a">Siberia, Western (Russia)</subfield>
         <subfield code="x">Antiquities.</subfield>
      </datafield>
      <datafield tag="650" ind1=" " ind2="0">
         <subfield code="a">Anthropology.</subfield>
      </datafield>
      <datafield tag="650" ind1=" " ind2="0">
         <subfield code="a">Archaeology.</subfield>
      </datafield>
      <datafield tag="650" ind1=" " ind2="0">
         <subfield code="a">Paleontology.</subfield>
      </datafield>
      <datafield tag="700" ind1="1" ind2=" ">
         <subfield code="6">880-06</subfield>
         <subfield code="a">Chikisheva, T. A.</subfield>
         <subfield code="q">(Tatʹi͡ana Alekseevna)</subfield>
         <subfield code="e">editor.</subfield>
      </datafield>
      <datafield tag="710" ind1="2" ind2=" ">
         <subfield code="6">880-07</subfield>
         <subfield code="a">Institut arkheologii i ėtnografii (Rossiĭskai͡a akademii͡a nauk. Sibirskoe otdelenie)</subfield>
         <subfield code="e">issuing body.</subfield>
      </datafield>
      <datafield tag="880" ind1="1" ind2=" ">
         <subfield code="6">100-01/</subfield>
         <subfield code="a">Поздняков, Д. В.</subfield>
         <subfield code="q">(Дмитрий Владимирович)</subfield>
         <subfield code="e">author.</subfield>
      </datafield>
      <datafield tag="880" ind1="1" ind2="0">
         <subfield code="6">245-02/</subfield>
         <subfield code="a">Палеоантропология населения юга Западной Сибири эпохи средневековья :</subfield>
         <subfield code="b">вторая половина И--первая половина II тыс. н.э. /</subfield>
         <subfield code="c">Д.В. Поздняков ; ответственный редактор Т.А. Чикишева.</subfield>
      </datafield>
      <datafield tag="880" ind1=" " ind2=" ">
         <subfield code="6">260-03/</subfield>
         <subfield code="a">Новосибирск :</subfield>
         <subfield code="b">Изд-во Института археологии и этнографии СО РАН,</subfield>
         <subfield code="c">2006.</subfield>
      </datafield>
      <datafield tag="880" ind1=" " ind2=" ">
         <subfield code="6">500-04/</subfield>
         <subfield code="a">At head of title:: Российская академия наук. Сибирское отделение. Анститут [sic] археологии и этнографии.</subfield>
      </datafield>
      <datafield tag="880" ind1=" " ind2=" ">
         <subfield code="6">500-05/</subfield>
         <subfield code="a">"Научное издание"--Colophon.</subfield>
      </datafield>
      <datafield tag="880" ind1="1" ind2=" ">
         <subfield code="6">700-06/</subfield>
         <subfield code="a">Чикишева, Т. А.</subfield>
         <subfield code="q">(Татьяна Алексеевна)</subfield>
         <subfield code="e">editor.</subfield>
      </datafield>
      <datafield tag="880" ind1="2" ind2=" ">
         <subfield code="6">710-07/</subfield>
         <subfield code="a">Институт археологии и этнографии (Российская академия наук. Сибирское отделение)</subfield>
         <subfield code="e">issuing body.</subfield>
      </datafield>
      <datafield tag="994" ind1=" " ind2=" ">
         <subfield code="a">Z0</subfield>
         <subfield code="b">ZYU</subfield>
      </datafield>
      <datafield tag="OWN" ind1=" " ind2=" ">
         <subfield code="a">GENERAL</subfield>
      </datafield>
      <datafield tag="AVA" ind1=" " ind2=" ">
         <subfield code="a">NYU50</subfield>
         <subfield code="b">NISAW</subfield>
         <subfield code="c">Large Collection</subfield>
         <subfield code="d">GN855.R9 P69 2006 Non-circulating</subfield>
         <subfield code="e">available</subfield>
         <subfield code="t">Available</subfield>
         <subfield code="f">1</subfield>
         <subfield code="g">0</subfield>
         <subfield code="h">N</subfield>
         <subfield code="i">0</subfield>
         <subfield code="j">LARGE</subfield>
         <subfield code="k">0</subfield>
      </datafield>
      <marc:datafield tag="852" ind1=" " ind2=" ">
         <marc:subfield code="b">Institute for the Study of the Ancient World, </marc:subfield>
         <marc:subfield code="c">Large Collection</marc:subfield>
         <marc:subfield code="e">15 East 84th St., </marc:subfield>
         <marc:subfield code="e">New York, NY  10028</marc:subfield>
      </marc:datafield>
   </record>