
  
  
  
  
  
  
  
  
 
  
  <record xsi:schemaLocation="http://www.loc.gov/MARC21/slim http://www.loc.gov/standards/marcxml/schema/MARC21slim.xsd">
      <leader>00000cam a2200733 a 4500</leader>
      <controlfield tag="FMT">BK</controlfield>
      <controlfield tag="LDR">00000cam a2200733 a 4500</controlfield>
      <controlfield tag="001">003218839</controlfield>
      <controlfield tag="003">OCoLC</controlfield>
      <controlfield tag="005">20161025135305.0</controlfield>
      <controlfield tag="008">061004m20079999maua     b    001 0 eng</controlfield>
      <datafield tag="010" ind1=" " ind2=" ">
         <subfield code="a">2006051722</subfield>
      </datafield>
      <datafield tag="020" ind1=" " ind2=" ">
         <subfield code="a">9789042918481</subfield>
         <subfield code="q">(alk. paper)</subfield>
      </datafield>
      <datafield tag="020" ind1=" " ind2=" ">
         <subfield code="a">9042918489</subfield>
         <subfield code="q">(alk. paper)</subfield>
      </datafield>
      <datafield tag="020" ind1=" " ind2=" ">
         <subfield code="a">9782877239554</subfield>
         <subfield code="q">(alk. paper)</subfield>
      </datafield>
      <datafield tag="020" ind1=" " ind2=" ">
         <subfield code="a">2877239551</subfield>
         <subfield code="q">(alk. paper)</subfield>
      </datafield>
      <datafield tag="020" ind1=" " ind2=" ">
         <subfield code="a">9789042924031</subfield>
         <subfield code="q">(pbk. : v. 2)</subfield>
      </datafield>
      <datafield tag="020" ind1=" " ind2=" ">
         <subfield code="a">9042924039</subfield>
         <subfield code="q">(pbk. : v. 2)</subfield>
      </datafield>
      <datafield tag="020" ind1=" " ind2=" ">
         <subfield code="a">9789042929326</subfield>
         <subfield code="q">(pbk. : v. 3 : Peeters Leuven)</subfield>
      </datafield>
      <datafield tag="020" ind1=" " ind2=" ">
         <subfield code="a">9042929324</subfield>
         <subfield code="q">(pbk. : v. 3 : Peeters Leuven)</subfield>
      </datafield>
      <datafield tag="020" ind1=" " ind2=" ">
         <subfield code="a">9782758401926</subfield>
         <subfield code="q">(pbk. : v. 3 : Peeters France)</subfield>
      </datafield>
      <datafield tag="020" ind1=" " ind2=" ">
         <subfield code="a">2758401924</subfield>
         <subfield code="q">(pbk. : v. 3 : Peeters France)</subfield>
      </datafield>
      <datafield tag="020" ind1=" " ind2=" ">
         <subfield code="a">9782758401162</subfield>
      </datafield>
      <datafield tag="020" ind1=" " ind2=" ">
         <subfield code="a">2758401169</subfield>
      </datafield>
      <datafield tag="035" ind1=" " ind2=" ">
         <subfield code="a">(OCoLC)73503509</subfield>
      </datafield>
      <datafield tag="040" ind1=" " ind2=" ">
         <subfield code="a">DLC</subfield>
         <subfield code="b">eng</subfield>
         <subfield code="c">DLC</subfield>
         <subfield code="d">BTCTA</subfield>
         <subfield code="d">YDXCP</subfield>
         <subfield code="d">BAKER</subfield>
         <subfield code="d">CDX</subfield>
         <subfield code="d">OHX</subfield>
         <subfield code="d">TZT</subfield>
         <subfield code="d">C#P</subfield>
         <subfield code="d">BWX</subfield>
         <subfield code="d">IXA</subfield>
         <subfield code="d">CGU</subfield>
         <subfield code="d">CUY</subfield>
         <subfield code="d">UBY</subfield>
         <subfield code="d">OCLCF</subfield>
         <subfield code="d">STF</subfield>
         <subfield code="d">OSU</subfield>
         <subfield code="d">IUL</subfield>
         <subfield code="d">LGG</subfield>
         <subfield code="d">OCLCO</subfield>
      </datafield>
      <datafield tag="042" ind1=" " ind2=" ">
         <subfield code="a">pcc</subfield>
      </datafield>
      <datafield tag="043" ind1=" " ind2=" ">
         <subfield code="a">e-gr---</subfield>
      </datafield>
      <datafield tag="050" ind1="0" ind2="0">
         <subfield code="a">P1038</subfield>
         <subfield code="b">.C66 2007</subfield>
      </datafield>
      <datafield tag="082" ind1="0" ind2="0">
         <subfield code="a">487/.1</subfield>
         <subfield code="2">23</subfield>
      </datafield>
      <datafield tag="245" ind1="0" ind2="2">
         <subfield code="a">A companion to linear B :</subfield>
         <subfield code="b">Mycenaean Greek texts and their world /</subfield>
         <subfield code="c">edited by Yves Duhoux and Anna Morpurgo Davies.</subfield>
      </datafield>
      <datafield tag="260" ind1=" " ind2=" ">
         <subfield code="a">Louvain-la-Neuve, Belgium ;</subfield>
         <subfield code="a">Dudley, MA :</subfield>
         <subfield code="b">Peeters,</subfield>
         <subfield code="c">2007-&lt;2014&gt;</subfield>
      </datafield>
      <datafield tag="300" ind1=" " ind2=" ">
         <subfield code="a">v. &lt;1-3&gt;:</subfield>
         <subfield code="b">ill. ;</subfield>
         <subfield code="c">24 cm.</subfield>
      </datafield>
      <datafield tag="336" ind1=" " ind2=" ">
         <subfield code="a">text</subfield>
         <subfield code="b">txt</subfield>
         <subfield code="2">rdacontent</subfield>
      </datafield>
      <datafield tag="337" ind1=" " ind2=" ">
         <subfield code="a">unmediated</subfield>
         <subfield code="b">n</subfield>
         <subfield code="2">rdamedia</subfield>
      </datafield>
      <datafield tag="338" ind1=" " ind2=" ">
         <subfield code="a">volume</subfield>
         <subfield code="b">nc</subfield>
         <subfield code="2">rdacarrier</subfield>
      </datafield>
      <datafield tag="490" ind1="1" ind2=" ">
         <subfield code="a">Bibliothèque des Cahiers de l'Institut de linguistique de Louvain,</subfield>
         <subfield code="x">0779-1666 ;</subfield>
         <subfield code="v">120, 127, 133.</subfield>
         <subfield code="a">Antiquité</subfield>
      </datafield>
      <datafield tag="500" ind1=" " ind2=" ">
         <subfield code="a">Companion volume to Linear B, a 1984 survey.</subfield>
      </datafield>
      <datafield tag="500" ind1=" " ind2=" ">
         <subfield code="a">Vol. 3 has imprint: Louvain-La-Neuve ; Walpole MA : Peeters.</subfield>
      </datafield>
      <datafield tag="504" ind1=" " ind2=" ">
         <subfield code="a">Includes bibliographical references and indexes.</subfield>
      </datafield>
      <datafield tag="505" ind1="1" ind2="0">
         <subfield code="g">v. 1.</subfield>
         <subfield code="t">Decipherment of Linear B /</subfield>
         <subfield code="r">Pope, M. --</subfield>
         <subfield code="t">How to begin? : an introduction to Linear B conventions and resources /</subfield>
         <subfield code="r">Palmer, R. --</subfield>
         <subfield code="t">Chronology of the Linear B texts /</subfield>
         <subfield code="r">Driessen, J. --</subfield>
         <subfield code="t">Mycenaean history /</subfield>
         <subfield code="r">De Fidio, P. --</subfield>
         <subfield code="t">Mycenaean society /</subfield>
         <subfield code="r">Shelmerdine, C. W. --</subfield>
         <subfield code="t">Mycenaean economy /</subfield>
         <subfield code="r">Killen, J. T. --</subfield>
         <subfield code="t">Mycenaean technology /</subfield>
         <subfield code="r">Bernabé, A. ;</subfield>
         <subfield code="r">Luján, E. R. --</subfield>
         <subfield code="t">Linear B inscribed vases /</subfield>
         <subfield code="r">Van Alfen, P. G. --</subfield>
         <subfield code="t">Mycenaean anthology /</subfield>
         <subfield code="r">Duhoux, Y.</subfield>
      </datafield>
      <datafield tag="505" ind1="8" ind2="0">
         <subfield code="g">v. 2.</subfield>
         <subfield code="t">Interpreting the Linear B records : some guidelines /</subfield>
         <subfield code="r">Y. Duhoux --</subfield>
         <subfield code="t">Scribes, scribal hands and palaeography /</subfield>
         <subfield code="r">T.G. Palaima --</subfield>
         <subfield code="t">The geography of the Mycenaean kingdoms /</subfield>
         <subfield code="r">J. Bennet --</subfield>
         <subfield code="t">Mycenaean religion and cult /</subfield>
         <subfield code="r">S. Hiller --</subfield>
         <subfield code="t">Mycenaean onomastics /</subfield>
         <subfield code="r">J.L. García Ramón --</subfield>
         <subfield code="t">Mycenaean and Homeric language /</subfield>
         <subfield code="r">C.J. Ruijgh.</subfield>
      </datafield>
      <datafield tag="505" ind1="8" ind2="0">
         <subfield code="g">v. 3.</subfield>
         <subfield code="t">Mycenaean writing /</subfield>
         <subfield code="r">Melena, J.L. --</subfield>
         <subfield code="t">Linear B and Homer /</subfield>
         <subfield code="r">Bennet, J.</subfield>
      </datafield>
      <datafield tag="650" ind1=" " ind2="0">
         <subfield code="a">Inscriptions, Linear B.</subfield>
      </datafield>
      <datafield tag="650" ind1=" " ind2="0">
         <subfield code="a">Civilization, Mycenaean.</subfield>
      </datafield>
      <datafield tag="650" ind1=" " ind2="7">
         <subfield code="a">Civilization, Mycenaean.</subfield>
         <subfield code="2">fast</subfield>
         <subfield code="0">(OCoLC)fst00863111</subfield>
      </datafield>
      <datafield tag="650" ind1=" " ind2="7">
         <subfield code="a">Inscriptions, Linear B.</subfield>
         <subfield code="2">fast</subfield>
         <subfield code="0">(OCoLC)fst00973911</subfield>
      </datafield>
      <datafield tag="700" ind1="1" ind2=" ">
         <subfield code="a">Duhoux, Yves,</subfield>
         <subfield code="e">editor.</subfield>
      </datafield>
      <datafield tag="700" ind1="1" ind2=" ">
         <subfield code="a">Davies, Anna Morpurgo,</subfield>
         <subfield code="e">editor.</subfield>
      </datafield>
      <datafield tag="711" ind1="2" ind2=" ">
         <subfield code="a">Mycenaean Colloquium</subfield>
         <subfield code="d">(1984 :</subfield>
         <subfield code="c">Dublin, Ireland).</subfield>
         <subfield code="t">Linear B, a 1984 survey.</subfield>
      </datafield>
      <datafield tag="776" ind1="0" ind2="8">
         <subfield code="i">Online version:</subfield>
         <subfield code="t">Companion to Linear B.</subfield>
         <subfield code="d">Louvain-la-Neuve, Belgium ; Dudley, MA : Peeters, 2007-</subfield>
         <subfield code="w">(OCoLC)680442991</subfield>
      </datafield>
      <datafield tag="830" ind1=" " ind2="0">
         <subfield code="a">Bibliothèque des Cahiers de l'Institut de linguistique de Louvain.</subfield>
         <subfield code="p">Antiquité.</subfield>
      </datafield>
      <datafield tag="830" ind1=" " ind2="0">
         <subfield code="a">Bibliothèque des Cahiers de l'Institut de linguistique de Louvain ;</subfield>
         <subfield code="v">120.</subfield>
      </datafield>
      <datafield tag="830" ind1=" " ind2="0">
         <subfield code="a">Bibliothèque des Cahiers de l'Institut de linguistique de Louvain ;</subfield>
         <subfield code="v">127.</subfield>
      </datafield>
      <datafield tag="830" ind1=" " ind2="0">
         <subfield code="a">Bibliothèque des Cahiers de l'Institut de linguistique de Louvain ;</subfield>
         <subfield code="v">133.</subfield>
      </datafield>
      <datafield tag="994" ind1=" " ind2=" ">
         <subfield code="a">Z0</subfield>
         <subfield code="b">ZYU</subfield>
      </datafield>
      <datafield tag="OWN" ind1=" " ind2=" ">
         <subfield code="a">GENERAL</subfield>
      </datafield>
      <datafield tag="AVA" ind1=" " ind2=" ">
         <subfield code="a">NYU50</subfield>
         <subfield code="b">NIFA</subfield>
         <subfield code="c">Main Collection</subfield>
         <subfield code="d">P1038 .C66 2008 Non-circulating</subfield>
         <subfield code="e">available</subfield>
         <subfield code="t">Available</subfield>
         <subfield code="f">3</subfield>
         <subfield code="g">0</subfield>
         <subfield code="h">Y</subfield>
         <subfield code="i">0</subfield>
         <subfield code="j">MAIN</subfield>
         <subfield code="k">0</subfield>
      </datafield>
      <datafield tag="AVA" ind1=" " ind2=" ">
         <subfield code="a">NYU50</subfield>
         <subfield code="b">NISAW</subfield>
         <subfield code="c">Small Collection</subfield>
         <subfield code="d">P1038 .C66 2008 Non-circulating</subfield>
         <subfield code="e">available</subfield>
         <subfield code="t">Available</subfield>
         <subfield code="f">3</subfield>
         <subfield code="g">0</subfield>
         <subfield code="h">Y</subfield>
         <subfield code="i">0</subfield>
         <subfield code="j">SMALL</subfield>
         <subfield code="k">0</subfield>
      </datafield>
      <marc:datafield tag="852" ind1=" " ind2=" ">
         <marc:subfield code="b">Institute for the Study of the Ancient World, </marc:subfield>
         <marc:subfield code="c">Small Collection</marc:subfield>
         <marc:subfield code="e">15 East 84th St., </marc:subfield>
         <marc:subfield code="e">New York, NY  10028</marc:subfield>
      </marc:datafield>
   </record>