
  
  
  
  
  
  
  
  
  
  
 
  
  <record xsi:schemaLocation="http://www.loc.gov/MARC21/slim http://www.loc.gov/standards/marcxml/schema/MARC21slim.xsd">
      <leader>00000cam a2200625Ii 4500</leader>
      <controlfield tag="FMT">BK</controlfield>
      <controlfield tag="LDR">00000cam a2200625Ii 4500</controlfield>
      <controlfield tag="001">004432740</controlfield>
      <controlfield tag="003">OCoLC</controlfield>
      <controlfield tag="005">20161114165022.0</controlfield>
      <controlfield tag="008">160122t20162016gw ab    b    001 0 eng d</controlfield>
      <datafield tag="016" ind1="7" ind2=" ">
         <subfield code="a">1071859773</subfield>
         <subfield code="2">GyFmDB</subfield>
      </datafield>
      <datafield tag="020" ind1=" " ind2=" ">
         <subfield code="a">9783161539602</subfield>
         <subfield code="q">(cloth)</subfield>
      </datafield>
      <datafield tag="020" ind1=" " ind2=" ">
         <subfield code="a">3161539605</subfield>
         <subfield code="q">(cloth)</subfield>
      </datafield>
      <datafield tag="024" ind1="3" ind2=" ">
         <subfield code="a">9783161539602</subfield>
      </datafield>
      <datafield tag="035" ind1="7" ind2=" ">
         <subfield code="a">har150266701</subfield>
      </datafield>
      <datafield tag="035" ind1=" " ind2=" ">
         <subfield code="a">(OCoLC)935690589</subfield>
         <subfield code="z">(OCoLC)912383111</subfield>
         <subfield code="z">(OCoLC)957458144</subfield>
      </datafield>
      <datafield tag="040" ind1=" " ind2=" ">
         <subfield code="a">ERASA</subfield>
         <subfield code="b">eng</subfield>
         <subfield code="e">rda</subfield>
         <subfield code="c">ERASA</subfield>
         <subfield code="d">OCLCO</subfield>
         <subfield code="d">BTCTA</subfield>
         <subfield code="d">YDXCP</subfield>
         <subfield code="d">BXM</subfield>
         <subfield code="d">OHX</subfield>
         <subfield code="d">TEF</subfield>
         <subfield code="d">YYP</subfield>
         <subfield code="d">OCLCF</subfield>
         <subfield code="d">ZYU</subfield>
      </datafield>
      <datafield tag="043" ind1=" " ind2=" ">
         <subfield code="a">a-ir---</subfield>
      </datafield>
      <datafield tag="050" ind1=" " ind2="4">
         <subfield code="a">BM176</subfield>
         <subfield code="b">.R448 2016</subfield>
      </datafield>
      <datafield tag="072" ind1=" " ind2="7">
         <subfield code="a">BL</subfield>
         <subfield code="2">lcco</subfield>
      </datafield>
      <datafield tag="082" ind1="0" ind2="4">
         <subfield code="a">932-933</subfield>
      </datafield>
      <datafield tag="245" ind1="0" ind2="0">
         <subfield code="a">Religion in the Achaemenid Persian empire :</subfield>
         <subfield code="b">emerging Judaisms and trends /</subfield>
         <subfield code="c">edited by Diana Edelman, Anne Fitzpatrick-McKinley, and Philippe Guillaume.</subfield>
      </datafield>
      <datafield tag="264" ind1=" " ind2="1">
         <subfield code="a">Tübingen, Germany :</subfield>
         <subfield code="b">Mohr Siebeck,</subfield>
         <subfield code="c">[2016]</subfield>
      </datafield>
      <datafield tag="264" ind1=" " ind2="4">
         <subfield code="c">©2016</subfield>
      </datafield>
      <datafield tag="300" ind1=" " ind2=" ">
         <subfield code="a">vi, 390 pages :</subfield>
         <subfield code="b">illustrations, maps ;</subfield>
         <subfield code="c">25 cm.</subfield>
      </datafield>
      <datafield tag="336" ind1=" " ind2=" ">
         <subfield code="a">text</subfield>
         <subfield code="b">txt</subfield>
         <subfield code="2">rdacontent</subfield>
      </datafield>
      <datafield tag="337" ind1=" " ind2=" ">
         <subfield code="a">unmediated</subfield>
         <subfield code="b">n</subfield>
         <subfield code="2">rdamedia</subfield>
      </datafield>
      <datafield tag="338" ind1=" " ind2=" ">
         <subfield code="a">volume</subfield>
         <subfield code="b">nc</subfield>
         <subfield code="2">rdacarrier</subfield>
      </datafield>
      <datafield tag="490" ind1="1" ind2=" ">
         <subfield code="a">Orientalische Religionen in der Antike,</subfield>
         <subfield code="x">1869-0513 ;</subfield>
         <subfield code="v">17</subfield>
      </datafield>
      <datafield tag="500" ind1=" " ind2=" ">
         <subfield code="a">"The present volume grew out of a workshop held at the University of Sheffield in July 2011... The papers by Philip Davies, Philippe Guillaume, Russell Hobson, Yannick Muller and Jason Silverman were delivered at the workshop. The paper by James Anderson was presented the previous year at a workshop in Dublin... The remaining papers were commissioned for the volume" -- Introduction.</subfield>
      </datafield>
      <datafield tag="520" ind1="8" ind2=" ">
         <subfield code="a">"The Achaemenid Persian imperial rulers have long been held to have exercised a policy of religious tolerance within their widespread provinces and among their dependencies. The fourteen articles in this volume explore aspects of the dynamic interaction between the imperial and the local levels that impacted primarily on local religious practices. Some of the articles deal with emerging forms of Judaism under Achaemenid hegemony, others with Achaemenid religion, royal ideology, and political policy toward religion. Others discuss aspects of Phoenician religion and changes to Egyptian religious practice while another addresses the presence of mixed religious practices in Phrygia, as indicated by seal imagery. Together, they indicate that tolerance was part of political expediency rather than a universal policy derived from religious conviction." -- Dust jacket.</subfield>
      </datafield>
      <datafield tag="504" ind1=" " ind2=" ">
         <subfield code="a">Includes bibliographical references and indexes.</subfield>
      </datafield>
      <datafield tag="505" ind1="0" ind2="0">
         <subfield code="g">Part 1.</subfield>
         <subfield code="t">Trends in Emerging Judaisms.</subfield>
         <subfield code="t">Creating Dialectical Tensions: Religious Developments in Persian-Period Yehud Reflected in Biblical Texts /</subfield>
         <subfield code="r">James Anderson --</subfield>
         <subfield code="t">Monotheism, Empire, and the Cult(s) of Yehud in the Persian Period /</subfield>
         <subfield code="r">Philip R. Davies --</subfield>
         <subfield code="t">Were Persian-Period "Israelites" Bound by Ethnicity or Religious Affiliation? The Case of the Southern Transjordan /</subfield>
         <subfield code="r">Russell Hobson --</subfield>
         <subfield code="t">Non-violent Re-readings of Israel's Foundational Traditions in the Persian Period (the Calendar System in P) /</subfield>
         <subfield code="r">Philippe Guillaume --</subfield>
         <subfield code="t">Josiah as Religious Peg for Persian-Period Jews and Judaism /</subfield>
         <subfield code="r">Lowell Handy --</subfield>
         <subfield code="t">A Religious Revolution Devours Its Children: The Iconography of the Persian-Period Cuboid Incense Burners /</subfield>
         <subfield code="r">Christian Frevel an Katharina Pyschny.</subfield>
         <subfield code="g">Part II.</subfield>
         <subfield code="t">Other Religious Trends in the Persian Empire.</subfield>
         <subfield code="t">Continuity between Assyrian and Persian Policies toward the Cults of Their Subjects /</subfield>
         <subfield code="r">Anne Fitzpatrick-McKinley /</subfield>
         <subfield code="t">Was There an Achaemenid "Theology" of Kingship? The Intersections of Mythology, Religion, and Imperial Religious Policy /</subfield>
         <subfield code="r">Jason M. Silverman --</subfield>
         <subfield code="t">Religion, Empire and Mutilation: A Cross-Religious Perspective on Achaemenid Mutilation Practices /</subfield>
         <subfield code="r">Yannick Muller --</subfield>
         <subfield code="t">Iconography on Double-Shekel Sidonian Coinage in the Persian Period: Is it a God or a King in the Chariot? /</subfield>
         <subfield code="r">Diana V. Edelman --</subfield>
         <subfield code="t">Whose Rites and Whose Wrongs? Religious Contributions of Contingents within the Persian Navy /</subfield>
         <subfield code="r">Mark Christian --</subfield>
         <subfield code="t">Beyond the Persian Tolerance Policy: Great Kings and Egyptian Gods during the Achaemenid Period /</subfield>
         <subfield code="r">Damien Agut-Labordère --</subfield>
         <subfield code="t">Achaemenid Persian Patronage of Egyptian Cults and Religious Institutions in the Twenty-seventh Dynasty: A Study of Political Acumen in the Ancient World /</subfield>
         <subfield code="r">Jared Krebsbach --</subfield>
         <subfield code="t">Religious Practices and Seal Imagery in Achaemenid Hellespontine Phrygia /</subfield>
         <subfield code="r">Deniz Kaptan.</subfield>
      </datafield>
      <datafield tag="650" ind1=" " ind2="0">
         <subfield code="a">Judaism</subfield>
         <subfield code="x">History</subfield>
         <subfield code="y">Post-exilic period, 586 B.C.-210 A.D.</subfield>
      </datafield>
      <datafield tag="650" ind1=" " ind2="0">
         <subfield code="a">Judaism</subfield>
         <subfield code="z">Iran</subfield>
         <subfield code="x">History.</subfield>
      </datafield>
      <datafield tag="600" ind1="3" ind2="0">
         <subfield code="a">Achaemenid dynasty,</subfield>
         <subfield code="d">559-330 B.C.</subfield>
      </datafield>
      <datafield tag="651" ind1=" " ind2="0">
         <subfield code="a">Iran</subfield>
         <subfield code="x">Religion</subfield>
         <subfield code="x">History.</subfield>
      </datafield>
      <datafield tag="651" ind1=" " ind2="0">
         <subfield code="a">Iran</subfield>
         <subfield code="x">Civilization</subfield>
         <subfield code="y">To 640.</subfield>
      </datafield>
      <datafield tag="600" ind1="3" ind2="7">
         <subfield code="a">Achaemenid dynasty,</subfield>
         <subfield code="d">559-330 B.C.</subfield>
         <subfield code="2">fast</subfield>
         <subfield code="0">(OCoLC)fst00212031</subfield>
      </datafield>
      <datafield tag="650" ind1=" " ind2="7">
         <subfield code="a">Civilization.</subfield>
         <subfield code="2">fast</subfield>
         <subfield code="0">(OCoLC)fst00862898</subfield>
      </datafield>
      <datafield tag="650" ind1=" " ind2="7">
         <subfield code="a">Judaism.</subfield>
         <subfield code="2">fast</subfield>
         <subfield code="0">(OCoLC)fst00984280</subfield>
      </datafield>
      <datafield tag="650" ind1=" " ind2="7">
         <subfield code="a">Judaism</subfield>
         <subfield code="x">Post-exilic period (Judaism)</subfield>
         <subfield code="2">fast</subfield>
         <subfield code="0">(OCoLC)fst01907049</subfield>
      </datafield>
      <datafield tag="650" ind1=" " ind2="7">
         <subfield code="a">Religion.</subfield>
         <subfield code="2">fast</subfield>
         <subfield code="0">(OCoLC)fst01093763</subfield>
      </datafield>
      <datafield tag="651" ind1=" " ind2="7">
         <subfield code="a">Iran.</subfield>
         <subfield code="2">fast</subfield>
         <subfield code="0">(OCoLC)fst01204889</subfield>
      </datafield>
      <datafield tag="648" ind1=" " ind2="7">
         <subfield code="a">To 640.</subfield>
         <subfield code="2">fast</subfield>
      </datafield>
      <datafield tag="655" ind1=" " ind2="7">
         <subfield code="a">History.</subfield>
         <subfield code="2">fast</subfield>
         <subfield code="0">(OCoLC)fst01411628</subfield>
      </datafield>
      <datafield tag="700" ind1="1" ind2=" ">
         <subfield code="a">Edelman, Diana Vikander,</subfield>
         <subfield code="d">1954-</subfield>
         <subfield code="e">editor.</subfield>
      </datafield>
      <datafield tag="700" ind1="1" ind2=" ">
         <subfield code="a">Fitzpatrick-McKinley, Anne,</subfield>
         <subfield code="e">editor.</subfield>
      </datafield>
      <datafield tag="700" ind1="1" ind2=" ">
         <subfield code="a">Guillaume, Philippe,</subfield>
         <subfield code="d">1960-</subfield>
         <subfield code="e">editor.</subfield>
      </datafield>
      <datafield tag="830" ind1=" " ind2="0">
         <subfield code="a">Orientalische Religionen in der Antike ;</subfield>
         <subfield code="v">17.</subfield>
         <subfield code="x">1869-0513</subfield>
      </datafield>
      <datafield tag="OWN" ind1=" " ind2=" ">
         <subfield code="a">GENERAL</subfield>
      </datafield>
      <datafield tag="AVA" ind1=" " ind2=" ">
         <subfield code="a">NYU50</subfield>
         <subfield code="b">BOBST</subfield>
         <subfield code="c">Main Collection</subfield>
         <subfield code="d">BM176 .R448 2016</subfield>
         <subfield code="e">available</subfield>
         <subfield code="t">Available</subfield>
         <subfield code="f">1</subfield>
         <subfield code="g">0</subfield>
         <subfield code="h">N</subfield>
         <subfield code="i">0</subfield>
         <subfield code="j">MAIN</subfield>
         <subfield code="k">0</subfield>
      </datafield>
      <datafield tag="AVA" ind1=" " ind2=" ">
         <subfield code="a">NYU50</subfield>
         <subfield code="b">NISAW</subfield>
         <subfield code="c">Small Collection</subfield>
         <subfield code="d">BM176 .R448 2016 Non-circulating</subfield>
         <subfield code="e">available</subfield>
         <subfield code="t">Available</subfield>
         <subfield code="f">1</subfield>
         <subfield code="g">0</subfield>
         <subfield code="h">N</subfield>
         <subfield code="i">0</subfield>
         <subfield code="j">SMALL</subfield>
         <subfield code="k">0</subfield>
      </datafield>
      <marc:datafield tag="852" ind1=" " ind2=" ">
         <marc:subfield code="b">Institute for the Study of the Ancient World, </marc:subfield>
         <marc:subfield code="c">Small Collection</marc:subfield>
         <marc:subfield code="e">15 East 84th St., </marc:subfield>
         <marc:subfield code="e">New York, NY  10028</marc:subfield>
      </marc:datafield>
   </record>