
  
  
  
  
  
  
  
  
 
  
  <record xsi:schemaLocation="http://www.loc.gov/MARC21/slim http://www.loc.gov/standards/marcxml/schema/MARC21slim.xsd">
      <leader>00000cam a2200553 a 4500</leader>
      <controlfield tag="FMT">BK</controlfield>
      <controlfield tag="LDR">00000cam a2200553 a 4500</controlfield>
      <controlfield tag="001">004499310</controlfield>
      <controlfield tag="003">OCoLC</controlfield>
      <controlfield tag="005">20161031120815.0</controlfield>
      <controlfield tag="008">000815s2000    enka     b    100 0 eng c</controlfield>
      <datafield tag="015" ind1=" " ind2=" ">
         <subfield code="a">GBA102840</subfield>
         <subfield code="2">bnb</subfield>
      </datafield>
      <datafield tag="020" ind1=" " ind2=" ">
         <subfield code="a">0947816518</subfield>
      </datafield>
      <datafield tag="020" ind1=" " ind2=" ">
         <subfield code="a">9780947816513</subfield>
      </datafield>
      <datafield tag="035" ind1=" " ind2=" ">
         <subfield code="a">(OCoLC)44835799</subfield>
      </datafield>
      <datafield tag="040" ind1=" " ind2=" ">
         <subfield code="a">EQO</subfield>
         <subfield code="b">eng</subfield>
         <subfield code="c">EQO</subfield>
         <subfield code="d">UKM</subfield>
         <subfield code="d">TJC</subfield>
         <subfield code="d">IQU</subfield>
         <subfield code="d">LVB</subfield>
         <subfield code="d">NLGGC</subfield>
         <subfield code="d">BAKER</subfield>
         <subfield code="d">YDXCP</subfield>
         <subfield code="d">OCLCG</subfield>
         <subfield code="d">BDX</subfield>
         <subfield code="d">OCLCF</subfield>
         <subfield code="d">OCLCQ</subfield>
         <subfield code="d">OCLCO</subfield>
         <subfield code="d">OCL</subfield>
         <subfield code="d">OCLCO</subfield>
         <subfield code="d">ZYU</subfield>
      </datafield>
      <datafield tag="042" ind1=" " ind2=" ">
         <subfield code="a">pcc</subfield>
      </datafield>
      <datafield tag="050" ind1=" " ind2="4">
         <subfield code="a">CC80.4</subfield>
         <subfield code="b">.O5 2000</subfield>
      </datafield>
      <datafield tag="082" ind1="0" ind2="4">
         <subfield code="a">930.1028</subfield>
         <subfield code="2">21</subfield>
      </datafield>
      <datafield tag="084" ind1=" " ind2=" ">
         <subfield code="a">15.31</subfield>
         <subfield code="2">bcl</subfield>
      </datafield>
      <datafield tag="245" ind1="0" ind2="0">
         <subfield code="a">On the theory and practice of archaeological computing /</subfield>
         <subfield code="c">edited by Gary Lock and Kayt Brown.</subfield>
      </datafield>
      <datafield tag="246" ind1="3" ind2="0">
         <subfield code="a">Theory and practice of archaeological computing</subfield>
      </datafield>
      <datafield tag="246" ind1="3" ind2="0">
         <subfield code="a">Archaeological computing</subfield>
      </datafield>
      <datafield tag="260" ind1=" " ind2=" ">
         <subfield code="a">Oxford [England] :</subfield>
         <subfield code="b">Oxford University Committee for Archaeology :</subfield>
         <subfield code="b">Distributed by Oxford Books ;</subfield>
         <subfield code="a">Bloomington, IN, USA :</subfield>
         <subfield code="b">Distributed by D. Brown Book Co.,</subfield>
         <subfield code="c">2000.</subfield>
      </datafield>
      <datafield tag="300" ind1=" " ind2=" ">
         <subfield code="a">154 pages :</subfield>
         <subfield code="b">illustrations ;</subfield>
         <subfield code="c">24 cm.</subfield>
      </datafield>
      <datafield tag="336" ind1=" " ind2=" ">
         <subfield code="a">text</subfield>
         <subfield code="b">txt</subfield>
         <subfield code="2">rdacontent</subfield>
      </datafield>
      <datafield tag="337" ind1=" " ind2=" ">
         <subfield code="a">unmediated</subfield>
         <subfield code="b">n</subfield>
         <subfield code="2">rdamedia</subfield>
      </datafield>
      <datafield tag="338" ind1=" " ind2=" ">
         <subfield code="a">volume</subfield>
         <subfield code="b">nc</subfield>
         <subfield code="2">rdacarrier</subfield>
      </datafield>
      <datafield tag="490" ind1="1" ind2=" ">
         <subfield code="a">Monograph ;</subfield>
         <subfield code="v">no. 51</subfield>
      </datafield>
      <datafield tag="504" ind1=" " ind2=" ">
         <subfield code="a">Includes bibliographical references.</subfield>
      </datafield>
      <datafield tag="505" ind1="0" ind2="0">
         <subfield code="t">Introduction /</subfield>
         <subfield code="r">Gary Lock and Kayt Brown --</subfield>
         <subfield code="t">Computers and archaeological culture change /</subfield>
         <subfield code="r">Jeremy Huggett --</subfield>
         <subfield code="t">Archaeological computing and disciplinary theory /</subfield>
         <subfield code="r">Jayne Gidlow --</subfield>
         <subfield code="t">Mathematics and computers : the classifier's ruse /</subfield>
         <subfield code="r">Hannah Forsyth --</subfield>
         <subfield code="t">Constructs, simulations and hyperreal worlds : the role of Virtual Reality (VR) in archaeological research /</subfield>
         <subfield code="r">Glyn Goodrick and Mark Gillings --</subfield>
         <subfield code="t">From museum store to data warehouse : archaeological archives for the twenty-first century /</subfield>
         <subfield code="r">Francis Grew --</subfield>
         <subfield code="t">Intellectual excavation and dynamic Information Management Systems /</subfield>
         <subfield code="r">Anthony Beck --</subfield>
         <subfield code="t">English sites and monuments records : information, communication and technology /</subfield>
         <subfield code="r">Ben Robinson --</subfield>
         <subfield code="t">A view from above : can computers help aerial survey? /</subfield>
         <subfield code="r">Rog Palmer --</subfield>
         <subfield code="t">Is there such a thing as "computer archaeology"? /</subfield>
         <subfield code="r">André Tschan and Patrick Daly.</subfield>
      </datafield>
      <datafield tag="500" ind1=" " ind2=" ">
         <subfield code="a">"Loosely based [i.e. with additional papers] on a session organised by the editors at the Fourth World Archaeological Congress held in Cape Town, South Africa in January 1999"--Acknowledgments.</subfield>
      </datafield>
      <datafield tag="650" ind1=" " ind2="0">
         <subfield code="a">Archaeology</subfield>
         <subfield code="x">Data processing</subfield>
         <subfield code="v">Congresses.</subfield>
      </datafield>
      <datafield tag="650" ind1=" " ind2="7">
         <subfield code="a">Archaeology</subfield>
         <subfield code="x">Data processing.</subfield>
         <subfield code="2">fast</subfield>
         <subfield code="0">(OCoLC)fst00812950</subfield>
      </datafield>
      <datafield tag="655" ind1=" " ind2="7">
         <subfield code="a">Conference papers and proceedings.</subfield>
         <subfield code="2">fast</subfield>
         <subfield code="0">(OCoLC)fst01423772</subfield>
      </datafield>
      <datafield tag="700" ind1="1" ind2=" ">
         <subfield code="a">Lock, G. R.</subfield>
         <subfield code="q">(Gary R.)</subfield>
      </datafield>
      <datafield tag="700" ind1="1" ind2=" ">
         <subfield code="a">Brown, Kayt.</subfield>
      </datafield>
      <datafield tag="711" ind1="2" ind2=" ">
         <subfield code="a">World Archaeological Congress</subfield>
         <subfield code="n">(4th :</subfield>
         <subfield code="d">1999 :</subfield>
         <subfield code="c">Cape Town, South Africa)</subfield>
      </datafield>
      <datafield tag="830" ind1=" " ind2="0">
         <subfield code="a">Monograph (University of Oxford. Committee for Archaeology) ;</subfield>
         <subfield code="v">no. 51.</subfield>
      </datafield>
      <datafield tag="OWN" ind1=" " ind2=" ">
         <subfield code="a">GENERAL</subfield>
      </datafield>
      <datafield tag="AVA" ind1=" " ind2=" ">
         <subfield code="a">NYU50</subfield>
         <subfield code="b">NISAW</subfield>
         <subfield code="c">Small Collection</subfield>
         <subfield code="d">CC80.4 .O5 2000 Non-circulating</subfield>
         <subfield code="e">available</subfield>
         <subfield code="t">Available</subfield>
         <subfield code="f">1</subfield>
         <subfield code="g">0</subfield>
         <subfield code="h">N</subfield>
         <subfield code="i">0</subfield>
         <subfield code="j">SMALL</subfield>
         <subfield code="k">0</subfield>
      </datafield>
      <marc:datafield tag="852" ind1=" " ind2=" ">
         <marc:subfield code="b">Institute for the Study of the Ancient World, </marc:subfield>
         <marc:subfield code="c">Small Collection</marc:subfield>
         <marc:subfield code="e">15 East 84th St., </marc:subfield>
         <marc:subfield code="e">New York, NY  10028</marc:subfield>
      </marc:datafield>
   </record>