
  
  
  
  
  
  
  
  
  
 
  
  <record xsi:schemaLocation="http://www.loc.gov/MARC21/slim http://www.loc.gov/standards/marcxml/schema/MARC21slim.xsd">
      <leader>00000cam a2200481Ii 4500</leader>
      <controlfield tag="FMT">BK</controlfield>
      <controlfield tag="LDR">00000cam a2200481Ii 4500</controlfield>
      <controlfield tag="001">004499324</controlfield>
      <controlfield tag="003">OCoLC</controlfield>
      <controlfield tag="005">20161214161329.0</controlfield>
      <controlfield tag="008">160307s2016    fr abc g b    100 0 fre d</controlfield>
      <datafield tag="020" ind1=" " ind2=" ">
         <subfield code="a">9791032000403</subfield>
         <subfield code="q">(pbk.)</subfield>
      </datafield>
      <datafield tag="035" ind1=" " ind2=" ">
         <subfield code="a">(OCoLC)944431207</subfield>
      </datafield>
      <datafield tag="040" ind1=" " ind2=" ">
         <subfield code="a">AUXAM</subfield>
         <subfield code="b">eng</subfield>
         <subfield code="e">rda</subfield>
         <subfield code="c">AUXAM</subfield>
         <subfield code="d">C3L</subfield>
         <subfield code="d">OCLCQ</subfield>
         <subfield code="d">HLS</subfield>
         <subfield code="d">OCLCO</subfield>
         <subfield code="d">OCLCQ</subfield>
         <subfield code="d">MEAUC</subfield>
         <subfield code="d">OCLCF</subfield>
         <subfield code="d">COO</subfield>
         <subfield code="d">JPG</subfield>
         <subfield code="d">ZYU</subfield>
         <subfield code="d">DEBBG</subfield>
         <subfield code="d">ZYU</subfield>
      </datafield>
      <datafield tag="041" ind1="0" ind2=" ">
         <subfield code="a">fre</subfield>
         <subfield code="a">eng</subfield>
         <subfield code="b">fre</subfield>
         <subfield code="b">eng</subfield>
      </datafield>
      <datafield tag="043" ind1=" " ind2=" ">
         <subfield code="a">f-ua---</subfield>
      </datafield>
      <datafield tag="050" ind1=" " ind2="4">
         <subfield code="a">PJ1105</subfield>
         <subfield code="b">.P74 2016</subfield>
      </datafield>
      <datafield tag="050" ind1=" " ind2="4">
         <subfield code="a">Z7064</subfield>
         <subfield code="b">.P73x 2016</subfield>
      </datafield>
      <datafield tag="082" ind1="1" ind2="4">
         <subfield code="a">411</subfield>
         <subfield code="2">14</subfield>
      </datafield>
      <datafield tag="084" ind1=" " ind2=" ">
         <subfield code="a">EO 2060</subfield>
         <subfield code="2">rvk</subfield>
      </datafield>
      <datafield tag="245" ind1="0" ind2="0">
         <subfield code="a">Préhistoires de l'écriture :</subfield>
         <subfield code="b">iconographie, pratiques graphiques et émergence de l'écrit dans l'Egypte prédynastique = Prehistories of writing : iconography, graphic practices and emergence of writing in Predynastic Egypt /</subfield>
         <subfield code="c">sous la direction de Gwenola Graff &amp; Alejandro Jimenez Serrano.</subfield>
      </datafield>
      <datafield tag="246" ind1="3" ind2="1">
         <subfield code="a">Prehistories of writing :</subfield>
         <subfield code="b">iconography, graphic practices and emergence of writing in Predynastic Egypt</subfield>
      </datafield>
      <datafield tag="264" ind1=" " ind2="1">
         <subfield code="a">Aix-en-Provence :</subfield>
         <subfield code="b">Presses universitaires de Provence,</subfield>
         <subfield code="c">2016.</subfield>
      </datafield>
      <datafield tag="300" ind1=" " ind2=" ">
         <subfield code="a">172 pages :</subfield>
         <subfield code="b">illustrations (some color), maps, portrait ;</subfield>
         <subfield code="c">26 cm.</subfield>
      </datafield>
      <datafield tag="336" ind1=" " ind2=" ">
         <subfield code="a">text</subfield>
         <subfield code="b">txt</subfield>
         <subfield code="2">rdacontent</subfield>
      </datafield>
      <datafield tag="337" ind1=" " ind2=" ">
         <subfield code="a">unmediated</subfield>
         <subfield code="b">n</subfield>
         <subfield code="2">rdamedia</subfield>
      </datafield>
      <datafield tag="338" ind1=" " ind2=" ">
         <subfield code="a">volume</subfield>
         <subfield code="b">nc</subfield>
         <subfield code="2">rdacarrier</subfield>
      </datafield>
      <datafield tag="490" ind1="0" ind2=" ">
         <subfield code="a">Préhistoires de la Méditerranée</subfield>
      </datafield>
      <datafield tag="504" ind1=" " ind2=" ">
         <subfield code="a">Includes bibliographical references.</subfield>
      </datafield>
      <datafield tag="505" ind1="0" ind2="0">
         <subfield code="t">Préface /</subfield>
         <subfield code="r">Pierre Déléage --</subfield>
         <subfield code="t">Limiaire /</subfield>
         <subfield code="r">David Wengrow --</subfield>
         <subfield code="t">Remerciements.</subfield>
         <subfield code="t">Different aspects related to the most ancien egyptian writing /</subfield>
         <subfield code="r">Alejandro Jiménez-Serrano --</subfield>
         <subfield code="t">Egyptian script and rock-art : connected or unconnected? /</subfield>
         <subfield code="r">Francis Lankester --</subfield>
         <subfield code="t">The iconography on decorated ware /</subfield>
         <subfield code="r">Gwenola Graff --</subfield>
         <subfield code="t">Intact wine jars with pre-firing potmarks from the Early Dynastic cemetery at Helwan, Egypt /</subfield>
         <subfield code="r">Edwin C. M. von de Brink, Christina E. Köhler, Jane C. Smythe --</subfield>
         <subfield code="t">Documenting early Egyptian imagery : analysing past technologies and materialities with the aid of reflectance transformation imaging (RTI) /</subfield>
         <subfield code="r">Kathryn E. Piquette --</subfield>
         <subfield code="t">Categories of control : development of cylinder seal glyptic within the context of Egyptian state formation /</subfield>
         <subfield code="r">Jane A. Hill --</subfield>
         <subfield code="t">Systèmes numériques égyptiens et mésopotamiens : éléments de comparison /</subfield>
         <subfield code="r">Gwenola Graff --</subfield>
         <subfield code="t">L'écriture cunéiforme : autour de l'invention de l'écriture en Mésopotamie /</subfield>
         <subfield code="r">Remo Mugnaioni --</subfield>
         <subfield code="t">De la figure au signe d'écriture /</subfield>
         <subfield code="r">Anne Marie Christin --</subfield>
         <subfield code="t">Les racines de l'écriture hiéroglyphique : apports de l'iconographie prédynastique : Synthèse /</subfield>
         <subfield code="r">Gwenola Graff &amp; Alejandro Jimenez Serrano.</subfield>
      </datafield>
      <datafield tag="546" ind1=" " ind2=" ">
         <subfield code="a">Contributions in French or English; abstracts in French and English.</subfield>
      </datafield>
      <datafield tag="650" ind1=" " ind2="0">
         <subfield code="a">Egyptian language</subfield>
         <subfield code="x">Writing</subfield>
         <subfield code="v">Congresses.</subfield>
      </datafield>
      <datafield tag="650" ind1=" " ind2="0">
         <subfield code="a">Written communication</subfield>
         <subfield code="z">Egypt</subfield>
         <subfield code="v">Congresses.</subfield>
      </datafield>
      <datafield tag="650" ind1=" " ind2="7">
         <subfield code="a">Egyptian language</subfield>
         <subfield code="x">Writing, Hieratic.</subfield>
         <subfield code="2">fast</subfield>
         <subfield code="0">(OCoLC)fst00903960</subfield>
      </datafield>
      <datafield tag="655" ind1=" " ind2="7">
         <subfield code="a">Conference papers and proceedings.</subfield>
         <subfield code="2">fast</subfield>
         <subfield code="0">(OCoLC)fst01423772</subfield>
      </datafield>
      <datafield tag="700" ind1="1" ind2=" ">
         <subfield code="a">Graff, Gwenola,</subfield>
         <subfield code="e">editor.</subfield>
      </datafield>
      <datafield tag="700" ind1="1" ind2=" ">
         <subfield code="a">Jiménez Serrano, Alejandro,</subfield>
         <subfield code="e">editor.</subfield>
      </datafield>
      <datafield tag="OWN" ind1=" " ind2=" ">
         <subfield code="a">GENERAL</subfield>
      </datafield>
      <datafield tag="AVA" ind1=" " ind2=" ">
         <subfield code="a">NYU50</subfield>
         <subfield code="b">NISAW</subfield>
         <subfield code="c">Large Collection</subfield>
         <subfield code="d">PJ1105 .P74 2016 Non-circulating</subfield>
         <subfield code="e">available</subfield>
         <subfield code="t">Available</subfield>
         <subfield code="f">1</subfield>
         <subfield code="g">0</subfield>
         <subfield code="h">N</subfield>
         <subfield code="i">0</subfield>
         <subfield code="j">LARGE</subfield>
         <subfield code="k">0</subfield>
      </datafield>
      <marc:datafield tag="852" ind1=" " ind2=" ">
         <marc:subfield code="b">Institute for the Study of the Ancient World, </marc:subfield>
         <marc:subfield code="c">Large Collection</marc:subfield>
         <marc:subfield code="e">15 East 84th St., </marc:subfield>
         <marc:subfield code="e">New York, NY  10028</marc:subfield>
      </marc:datafield>
   </record>