
  
  
  
  
  
  
  
  
 
  
  <record xsi:schemaLocation="http://www.loc.gov/MARC21/slim http://www.loc.gov/standards/marcxml/schema/MARC21slim.xsd">
      <leader>00000cam a2200517Ii 4500</leader>
      <controlfield tag="FMT">BK</controlfield>
      <controlfield tag="LDR">00000cam a2200517Ii 4500</controlfield>
      <controlfield tag="001">004488949</controlfield>
      <controlfield tag="003">OCoLC</controlfield>
      <controlfield tag="005">20161116132544.0</controlfield>
      <controlfield tag="008">160316t20162016it ab    bc   001 0 fre d</controlfield>
      <datafield tag="020" ind1=" " ind2=" ">
         <subfield code="a">9788836633319</subfield>
      </datafield>
      <datafield tag="020" ind1=" " ind2=" ">
         <subfield code="a">8836633315</subfield>
      </datafield>
      <datafield tag="035" ind1=" " ind2=" ">
         <subfield code="a">(OCoLC)945658983</subfield>
      </datafield>
      <datafield tag="040" ind1=" " ind2=" ">
         <subfield code="a">C3L</subfield>
         <subfield code="b">eng</subfield>
         <subfield code="e">rda</subfield>
         <subfield code="c">C3L</subfield>
         <subfield code="d">EMU</subfield>
         <subfield code="d">OCLCA</subfield>
         <subfield code="d">OCLCF</subfield>
         <subfield code="d">ZYU</subfield>
      </datafield>
      <datafield tag="041" ind1="0" ind2=" ">
         <subfield code="a">fre</subfield>
         <subfield code="a">egy</subfield>
      </datafield>
      <datafield tag="043" ind1=" " ind2=" ">
         <subfield code="a">f-ua---</subfield>
      </datafield>
      <datafield tag="050" ind1=" " ind2="4">
         <subfield code="a">PJ1501</subfield>
         <subfield code="b">.A16 2016</subfield>
      </datafield>
      <datafield tag="082" ind1="1" ind2="4">
         <subfield code="a">709</subfield>
         <subfield code="2">14</subfield>
      </datafield>
      <datafield tag="245" ind1="0" ind2="0">
         <subfield code="a">À l'école des scribes :</subfield>
         <subfield code="b">les écritures de l'Égypte ancienne /</subfield>
         <subfield code="c">sous la direction de Laure Bazin Rizzo, Annie Gasse, Frédéric Servajean.</subfield>
      </datafield>
      <datafield tag="264" ind1=" " ind2="1">
         <subfield code="a">Cinisello Balsamo, Milano :</subfield>
         <subfield code="b">SilvanaEditoriale,</subfield>
         <subfield code="c">[2016]</subfield>
      </datafield>
      <datafield tag="264" ind1=" " ind2="4">
         <subfield code="c">©2016</subfield>
      </datafield>
      <datafield tag="300" ind1=" " ind2=" ">
         <subfield code="a">277 pages :</subfield>
         <subfield code="b">illustrations (some color), 2 maps ;</subfield>
         <subfield code="c">28 cm.</subfield>
      </datafield>
      <datafield tag="336" ind1=" " ind2=" ">
         <subfield code="a">text</subfield>
         <subfield code="b">txt</subfield>
         <subfield code="2">rdacontent</subfield>
      </datafield>
      <datafield tag="337" ind1=" " ind2=" ">
         <subfield code="a">unmediated</subfield>
         <subfield code="b">n</subfield>
         <subfield code="2">rdamedia</subfield>
      </datafield>
      <datafield tag="338" ind1=" " ind2=" ">
         <subfield code="a">volume</subfield>
         <subfield code="b">nc</subfield>
         <subfield code="2">rdacarrier</subfield>
      </datafield>
      <datafield tag="490" ind1="1" ind2=" ">
         <subfield code="a">CENiM ;</subfield>
         <subfield code="v">15</subfield>
      </datafield>
      <datafield tag="500" ind1=" " ind2=" ">
         <subfield code="a">Catalog of an exhibition held at the Musée Henri Prades, Lattes, France, July 9, 2016- Jan. 2, 2017.</subfield>
      </datafield>
      <datafield tag="504" ind1=" " ind2=" ">
         <subfield code="a">Includes bibliographical references and index.</subfield>
      </datafield>
      <datafield tag="505" ind1="0" ind2="0">
         <subfield code="t">Hiéroglyphes : Quelques réflexions sur l'écriture des anciens Égyptiens /</subfield>
         <subfield code="r">Frédéric Servajean --</subfield>
         <subfield code="t">D'Abydos à Philae et au-delà : À la poursuite des hiéroglyphes-- /</subfield>
         <subfield code="r">Laure Bazin Rizzo --</subfield>
         <subfield code="t">Une caverne d'Ali Baba, la documentation hiératique des anciens Égyptiens /</subfield>
         <subfield code="r">Annie Gasse --</subfield>
         <subfield code="t">L'écriture démotique /</subfield>
         <subfield code="r">Sandra Lippert --</subfield>
         <subfield code="t">Les écritures cryptographique et ptolémaïque : Quand un signe peut en cacher un autre /</subfield>
         <subfield code="r">Marc Gabolde --</subfield>
         <subfield code="g">Section A.</subfield>
         <subfield code="t">Invention et débuts --</subfield>
         <subfield code="g">Section B.</subfield>
         <subfield code="t">La conquête de l'espace --</subfield>
         <subfield code="g">Section C.</subfield>
         <subfield code="t">Une écriture vivante et dynamique --</subfield>
         <subfield code="g">Section D.</subfield>
         <subfield code="t">Le signe en tant qu'individu --</subfield>
         <subfield code="g">Section E.</subfield>
         <subfield code="t">Les métiers et les lieux de l'écriture --</subfield>
         <subfield code="g">Section F.</subfield>
         <subfield code="t">Les outils de l'égyptologie à la bibliothèque --</subfield>
         <subfield code="g">Section G.</subfield>
         <subfield code="t">Le programme VÉgA : Vocabulaire de l'Égyptien Ancien.</subfield>
         <subfield code="t">Les hiéroglyphes égyptiens vus par les auteurs arabes du Moyen Âge ou l'aura du passé pharaonique /</subfield>
         <subfield code="r">Stéphane Pasquali --</subfield>
         <subfield code="t">La place des hiéroglyphes en Europe de la Renaissance au début du XIXe siècle : entre signes déchus et écriture ressuscitée /</subfield>
         <subfield code="r">Magali Charreire --</subfield>
         <subfield code="t">Des rives du Nil antique aux réseaux sociaux : les écritures numériques au prisme des hiéroglyphes /</subfield>
         <subfield code="r">Laurent Fauré.</subfield>
      </datafield>
      <datafield tag="650" ind1=" " ind2="0">
         <subfield code="a">Inscriptions, Egyptian</subfield>
         <subfield code="v">Exhibitions.</subfield>
      </datafield>
      <datafield tag="650" ind1=" " ind2="0">
         <subfield code="a">Egyptian language</subfield>
         <subfield code="x">Writing</subfield>
         <subfield code="v">Exhibitions.</subfield>
      </datafield>
      <datafield tag="651" ind1=" " ind2="0">
         <subfield code="a">Egypt</subfield>
         <subfield code="x">Antiquities</subfield>
         <subfield code="v">Exhibitions.</subfield>
      </datafield>
      <datafield tag="650" ind1=" " ind2="0">
         <subfield code="a">Paleography, Egyptian.</subfield>
      </datafield>
      <datafield tag="650" ind1=" " ind2="0">
         <subfield code="a">Scribes</subfield>
         <subfield code="z">Egypt</subfield>
         <subfield code="x">History</subfield>
         <subfield code="v">Exhibitions.</subfield>
      </datafield>
      <datafield tag="650" ind1=" " ind2="7">
         <subfield code="a">Antiquities.</subfield>
         <subfield code="2">fast</subfield>
         <subfield code="0">(OCoLC)fst00810745</subfield>
      </datafield>
      <datafield tag="650" ind1=" " ind2="7">
         <subfield code="a">Egyptian language</subfield>
         <subfield code="x">Writing.</subfield>
         <subfield code="2">fast</subfield>
         <subfield code="0">(OCoLC)fst00903957</subfield>
      </datafield>
      <datafield tag="650" ind1=" " ind2="7">
         <subfield code="a">Inscriptions, Egyptian.</subfield>
         <subfield code="2">fast</subfield>
         <subfield code="0">(OCoLC)fst01199431</subfield>
      </datafield>
      <datafield tag="650" ind1=" " ind2="7">
         <subfield code="a">Paleography, Egyptian.</subfield>
         <subfield code="2">fast</subfield>
         <subfield code="0">(OCoLC)fst01051447</subfield>
      </datafield>
      <datafield tag="651" ind1=" " ind2="7">
         <subfield code="a">Egypt.</subfield>
         <subfield code="2">fast</subfield>
         <subfield code="0">(OCoLC)fst01208755</subfield>
      </datafield>
      <datafield tag="655" ind1=" " ind2="7">
         <subfield code="a">Exhibition catalogs.</subfield>
         <subfield code="2">fast</subfield>
         <subfield code="0">(OCoLC)fst01424028</subfield>
      </datafield>
      <datafield tag="700" ind1="1" ind2=" ">
         <subfield code="a">Bazin Rizzo, Laure,</subfield>
         <subfield code="d">1977-</subfield>
         <subfield code="e">editor.</subfield>
      </datafield>
      <datafield tag="700" ind1="1" ind2=" ">
         <subfield code="a">Gasse, Annie,</subfield>
         <subfield code="e">editor.</subfield>
      </datafield>
      <datafield tag="700" ind1="1" ind2=" ">
         <subfield code="a">Servajean, Frédéric,</subfield>
         <subfield code="e">editor.</subfield>
      </datafield>
      <datafield tag="830" ind1=" " ind2="0">
         <subfield code="a">Cahiers de l'ENIM (CENIM) ;</subfield>
         <subfield code="v">15.</subfield>
      </datafield>
      <datafield tag="994" ind1=" " ind2=" ">
         <subfield code="a">Z0</subfield>
         <subfield code="b">ZYU</subfield>
      </datafield>
      <datafield tag="OWN" ind1=" " ind2=" ">
         <subfield code="a">GENERAL</subfield>
      </datafield>
      <datafield tag="AVA" ind1=" " ind2=" ">
         <subfield code="a">NYU50</subfield>
         <subfield code="b">NIFA</subfield>
         <subfield code="c">Egyptian</subfield>
         <subfield code="d">PJ1501 .A16 2016 Non-circulating</subfield>
         <subfield code="e">available</subfield>
         <subfield code="t">Available</subfield>
         <subfield code="f">1</subfield>
         <subfield code="g">0</subfield>
         <subfield code="h">N</subfield>
         <subfield code="i">0</subfield>
         <subfield code="j">EGYPT</subfield>
         <subfield code="k">0</subfield>
      </datafield>
      <datafield tag="AVA" ind1=" " ind2=" ">
         <subfield code="a">NYU50</subfield>
         <subfield code="b">NISAW</subfield>
         <subfield code="c">Large Collection</subfield>
         <subfield code="d">PJ1501 .A16 2016 Non-circulating</subfield>
         <subfield code="e">available</subfield>
         <subfield code="t">Available</subfield>
         <subfield code="f">1</subfield>
         <subfield code="g">0</subfield>
         <subfield code="h">N</subfield>
         <subfield code="i">0</subfield>
         <subfield code="j">LARGE</subfield>
         <subfield code="k">0</subfield>
      </datafield>
      <marc:datafield tag="852" ind1=" " ind2=" ">
         <marc:subfield code="b">Institute for the Study of the Ancient World, </marc:subfield>
         <marc:subfield code="c">Large Collection</marc:subfield>
         <marc:subfield code="e">15 East 84th St., </marc:subfield>
         <marc:subfield code="e">New York, NY  10028</marc:subfield>
      </marc:datafield>
   </record>