
  
  
  
  
  
  
  
  
  
 
  
  <record xsi:schemaLocation="http://www.loc.gov/MARC21/slim http://www.loc.gov/standards/marcxml/schema/MARC21slim.xsd">
      <leader>00000nam a2200253 i 4500</leader>
      <controlfield tag="FMT">BK</controlfield>
      <controlfield tag="LDR">00000nam a2200253 i 4500</controlfield>
      <controlfield tag="001">004499686</controlfield>
      <controlfield tag="003">OCoLC</controlfield>
      <controlfield tag="005">20161107155500.0</controlfield>
      <controlfield tag="008">161028s2013    ru ab    b    010 0 rusod</controlfield>
      <datafield tag="020" ind1=" " ind2=" ">
         <subfield code="a">9785906518255</subfield>
      </datafield>
      <datafield tag="020" ind1=" " ind2=" ">
         <subfield code="a">5906518258</subfield>
      </datafield>
      <datafield tag="035" ind1=" " ind2=" ">
         <subfield code="a">(OCoLC)885523047</subfield>
      </datafield>
      <datafield tag="040" ind1=" " ind2=" ">
         <subfield code="a">COO</subfield>
         <subfield code="b">eng</subfield>
         <subfield code="e">rda</subfield>
         <subfield code="c">COO</subfield>
         <subfield code="d">NNU</subfield>
      </datafield>
      <datafield tag="041" ind1="0" ind2=" ">
         <subfield code="g">rus</subfield>
         <subfield code="g">eng</subfield>
         <subfield code="g">fre</subfield>
      </datafield>
      <datafield tag="050" ind1=" " ind2="4">
         <subfield code="a">CB311</subfield>
         <subfield code="b">.M65 2013</subfield>
      </datafield>
      <datafield tag="245" ind1="0" ind2="0">
         <subfield code="6">880-01</subfield>
         <subfield code="a">Monumentum Gregorianum :</subfield>
         <subfield code="b">sbornik nauchnykh stateĭ pami͡ati akademika Grigorii͡a Maksimovicha Bongard-Levina /</subfield>
         <subfield code="c">otv. redaktor A.I. Ivanchik.</subfield>
      </datafield>
      <datafield tag="264" ind1=" " ind2="1">
         <subfield code="6">880-02</subfield>
         <subfield code="a">Moskva :</subfield>
         <subfield code="b">Granit͡sa,</subfield>
         <subfield code="c">2013.</subfield>
      </datafield>
      <datafield tag="300" ind1=" " ind2=" ">
         <subfield code="a">549 pages :</subfield>
         <subfield code="b">illustrations, maps ;</subfield>
         <subfield code="c">25 cm</subfield>
      </datafield>
      <datafield tag="336" ind1=" " ind2=" ">
         <subfield code="a">text</subfield>
         <subfield code="2">rdacontent</subfield>
      </datafield>
      <datafield tag="337" ind1=" " ind2=" ">
         <subfield code="a">unmediated</subfield>
         <subfield code="2">rdamedia</subfield>
      </datafield>
      <datafield tag="338" ind1=" " ind2=" ">
         <subfield code="a">volume</subfield>
         <subfield code="2">rdacarrier</subfield>
      </datafield>
      <datafield tag="504" ind1=" " ind2=" ">
         <subfield code="a">Includes bibliographical references (pages 543-[545]).</subfield>
      </datafield>
      <datafield tag="500" ind1=" " ind2=" ">
         <subfield code="a">ISAW copy is from the library of Aleksandr Leskov.</subfield>
         <subfield code="5">NyNyUAW</subfield>
      </datafield>
      <datafield tag="500" ind1=" " ind2=" ">
         <subfield code="6">880-03</subfield>
         <subfield code="a">At head of title: Rossiĭskai͡a akademii͡a nauk. Institut vseobshcheĭ istorii.</subfield>
      </datafield>
      <datafield tag="500" ind1=" " ind2=" ">
         <subfield code="a">"Bolʹshai͡a chastʹ stateĭ napisana na osnove dokladov, predstavlennykh na Mezhdunarodnoĭ nauchnoĭ konferent͡sii "Mir v antichnui͡u ėpochu" (Moskva, 2009)--T.p.verso.</subfield>
      </datafield>
      <datafield tag="546" ind1=" " ind2=" ">
         <subfield code="a">Contributions in Russian, English or French.</subfield>
      </datafield>
      <datafield tag="505" ind1="0" ind2="0">
         <subfield code="6">880-04</subfield>
         <subfield code="t">Pami͡ati Grigorii͡a Maksimovicha Bongard-Levina /</subfield>
         <subfield code="r">A.P. Derevi͡anko --</subfield>
         <subfield code="t">Remarks in tribute to Gregory Bongard-Levin /</subfield>
         <subfield code="r">G.W. Bowersock --</subfield>
         <subfield code="t">Grigoriĭ Maksimovich Bongard-Levin /</subfield>
         <subfield code="r">A.I. Ivanchik --</subfield>
         <subfield code="t">Akademik Grigoriĭ Maksimovich Bongard-Levin i izuchenie drevnikh indiĭskikh rukopiseĭ, sokhranivshikhsi͡a v Vostochnom Turkestane /</subfield>
         <subfield code="r">M.I. Vorob"eva-Desi͡atovskaii͡a --</subfield>
         <subfield code="t">Spisok publikat͡siĭ akademika G.M. Bongard-Levin.</subfield>
         <subfield code="t">Drevniĭ vostok i stepnai͡a evrazii͡a.</subfield>
         <subfield code="t">Tell' Khazna I : unikal'nyĭ pami͡atnik IV-III tysi͡acheletiĭ do n.ė. Severnoĭ Mesopotamii /</subfield>
         <subfield code="r">R.M. Munchaev, SH.N. Amirov --</subfield>
         <subfield code="t">Problemy periodizat͡sii istorii drevneĭ Mesopotamii /</subfield>
         <subfield code="r">M.A. Dandamaev --</subfield>
         <subfield code="t">Khettskie literaturnye istochniki v svete blizhnevostochnykh ėtnokul'turnykh kontaktov /</subfield>
         <subfield code="r">L.S. Bai͡un --</subfield>
         <subfield code="t">"Khevadzhra-tantra" i Vadzhrai͡ana /</subfield>
         <subfield code="r">V.P. Androsov --</subfield>
         <subfield code="t">Maritime and overland routes around the Persian Gulf in the Achaemenid period /</subfield>
         <subfield code="r">P. Callieri --</subfield>
         <subfield code="t">Kamennye "lunovidnye" podveski v nepotrevozhennykh pogrebal'nykh kompleksakh krotovskoĭ kul'tury (Zapadnai͡a Sibir') /</subfield>
         <subfield code="r">V.I. Molodin --</subfield>
         <subfield code="t">Vyshityĭ kover iz 20-go noin-ulinskogo kurgana /</subfield>
         <subfield code="r">N.V. Polos'mak --</subfield>
         <subfield code="t">A Christian Sogdian hymn in Sogdian script /</subfield>
         <subfield code="r">N. Sims-Williams --</subfield>
         <subfield code="t">Inner Asia and the Korean Peninsula : on the reading of the Silla golden crowns /</subfield>
         <subfield code="r">S. Rosén.</subfield>
         <subfield code="5">NyNyUAW</subfield>
      </datafield>
      <datafield tag="505" ind1="8" ind2="0">
         <subfield code="6">880-05</subfield>
         <subfield code="t">Antichnai͡a t͡sivilizat͡sii͡a i ee tradit͡sii.</subfield>
         <subfield code="t">L'ancienne Erétrie hier, aujourd'hui, demain : 48 années de recherches archéologiques suisses en Eubée, Grèce (1964-2012) /</subfield>
         <subfield code="r">P. Ducrey --</subfield>
         <subfield code="t">The speech of the ancient Macedonians in the light of recent epigraphic discoveries /</subfield>
         <subfield code="r">M. Hatzopoulos --</subfield>
         <subfield code="t">Stasis kak pravo i obi͡azannost' : zakon Solona protiv neĭtraliteta v grazhdanskoĭ smute /</subfield>
         <subfield code="r">I.E. Surikov --</subfield>
         <subfield code="t">Zimnie kholoda v "Akharni͡anakh" Aristofana /</subfield>
         <subfield code="r">S.G. Karni͡uk --</subfield>
         <subfield code="t">Ot Oksa k Kaspii͡u : Doroga Aleksandra Makedonskogo v gorod Margianu : reki Okh i Okhs /</subfield>
         <subfield code="r">Ė.V. Rtveladze --</subfield>
         <subfield code="t">A royal signature landscape : new light on the transformation of northern Syria after the conquest of Alexander /</subfield>
         <subfield code="r">L. Hannestad --</subfield>
         <subfield code="t">Une nouvelle proxénie argienne de la basse époque hellénistique et les synèdres d'Argos /</subfield>
         <subfield code="r">M. Piérart --</subfield>
         <subfield code="t">Novye dannye o torgovle v Prichernomor'e : nadpis' na tulove amfory iz Kerchenskogo muzei͡a /</subfield>
         <subfield code="r">S.I͡U. Makarov --</subfield>
         <subfield code="t">Arshakh I i ego monetnyĭ chekan /</subfield>
         <subfield code="r">G.A. Kotelenko, V.A. Gaubov --</subfield>
         <subfield code="t">Istoki Marsii͡a i Meandra v antichnykh tekstakh /</subfield>
         <subfield code="r">L.V. Semenchenko --</subfield>
         <subfield code="t">Keleny : Apamei͡a Kibotos : Rezul'taty issledovaniĭ v I͡Uzhnoĭ Frigii /</subfield>
         <subfield code="r">A.I. Ivanchik --</subfield>
         <subfield code="t">Strabo and the memory of Mithridates Eupator /</subfield>
         <subfield code="r">G.W. Bowersock --</subfield>
         <subfield code="t">The evolution of the urban space in the cities of the Roman Empire : Apamea in Syria, a case study /</subfield>
         <subfield code="r">J.-Ch. Balty --</subfield>
         <subfield code="t">Argumentum ad hominem v rimskom sude /</subfield>
         <subfield code="r">A.L. Smytli͡aev --</subfield>
         <subfield code="t">Maniĭ At͡siliĭ Glabrion : "potomok Ėnei͡a" (k interiretat͡sii odnogo iz soovshcheniĭ Gerodiana) /</subfield>
         <subfield code="r">A.A. Molchanov --</subfield>
         <subfield code="5">NyNyUAW</subfield>
      </datafield>
      <datafield tag="505" ind1="8" ind2="0">
         <subfield code="6">880-06</subfield>
         <subfield code="t">Maniĭ At͡siliĭ Glabrion : "potomok Ėnei͡a" (k interiretat͡sii odnogo iz soovshcheniĭ Gerodiana) /</subfield>
         <subfield code="r">A.A. Molchanov --</subfield>
         <subfield code="t">Cyril of Scythopolis and Palestinian society : the Saracens /</subfield>
         <subfield code="r">F. Millar --</subfield>
         <subfield code="t">Aristotle's correspondence with Alexander the Great and the rise of an Islamic political theory /</subfield>
         <subfield code="r">M. Maróth --</subfield>
         <subfield code="t">Posledniĭ stikh Psalma 120 v ėkzegeze Avgustina /</subfield>
         <subfield code="r">S.A. Stelant͡sov --</subfield>
         <subfield code="t">Nekotorye zamechanii͡a o t͡serkovnoslavi͡anskom perevode ierusalimskogo "Sti͡azanii͡a s iudeem" /</subfield>
         <subfield code="r">D.E. Afinogenov --</subfield>
         <subfield code="t">Platon v drevnerusskoĭ literature XI-XIV vv. /</subfield>
         <subfield code="r">V.S. Lenskai͡a --</subfield>
         <subfield code="t">Vozniknovenie poni͡atii͡a "Chernoe more" v srednevekovykh geograficheskikh tradit͡sii͡akh /</subfield>
         <subfield code="r">M.D. Bukharin.</subfield>
         <subfield code="t">Istorii͡a nauki i kul'tury.</subfield>
         <subfield code="t">Obraz akademika S.F. Ol'denburga v dokumentakh ego sovremennikov /</subfield>
         <subfield code="r">V.S. Mi͡asnikov --</subfield>
         <subfield code="t">"V poiskakh cheloveka" : sovremennye problemy istorii otechetvennoĭ arkheologii /</subfield>
         <subfield code="r">I.V. Tunkina --</subfield>
         <subfield code="t">D.S. Likhachev kak evropeet͡s /</subfield>
         <subfield code="r">V.E. Bagno --</subfield>
         <subfield code="t">Marxismo e schiavitù nella ricerca storica italiana del XX secolo sul mondo antico /</subfield>
         <subfield code="r">A. Marcone.</subfield>
         <subfield code="5">NyNyUAW</subfield>
      </datafield>
      <datafield tag="650" ind1=" " ind2="0">
         <subfield code="a">Civilization, Ancient.</subfield>
      </datafield>
      <datafield tag="600" ind1="1" ind2="0">
         <subfield code="6">880-07</subfield>
         <subfield code="a">Bongard-Levin, Grigoriĭ Maksimovich,</subfield>
         <subfield code="e">honoree.</subfield>
      </datafield>
      <datafield tag="700" ind1="1" ind2=" ">
         <subfield code="6">880-08</subfield>
         <subfield code="a">Ivanchik, A. I.</subfield>
         <subfield code="q">(Askolʹd Igorevich),</subfield>
         <subfield code="d">1965-</subfield>
      </datafield>
      <datafield tag="710" ind1="2" ind2=" ">
         <subfield code="6">880-09</subfield>
         <subfield code="a">Institut vseobshcheĭ istorii (Rossiĭskai͡a akademii͡a nauk)</subfield>
         <subfield code="e">issuing body.</subfield>
      </datafield>
      <datafield tag="700" ind1="1" ind2=" ">
         <subfield code="a">Leskov, Aleksandr Mikhaĭlovich,</subfield>
         <subfield code="e">former owner.</subfield>
         <subfield code="5">NyNyUAW</subfield>
      </datafield>
      <datafield tag="740" ind1="0" ind2=" ">
         <subfield code="a">Leskov Collection.</subfield>
         <subfield code="5">NyNyUAW</subfield>
      </datafield>
      <datafield tag="880" ind1="0" ind2="0">
         <subfield code="6">245-01/</subfield>
         <subfield code="a">Monumentum Gregorianum :</subfield>
         <subfield code="b">сборник нaучных статей пaияти aкaдемикa Григория Максимовичa Бонгард-Левинa /</subfield>
         <subfield code="c">oтв. рeдaктoр A.И. Ивaнчик.</subfield>
      </datafield>
      <datafield tag="880" ind1=" " ind2="1">
         <subfield code="6">264-02/</subfield>
         <subfield code="a">Moсквa :</subfield>
         <subfield code="b">Грaницa,</subfield>
         <subfield code="c">2013.</subfield>
      </datafield>
      <datafield tag="880" ind1=" " ind2=" ">
         <subfield code="6">500-03/</subfield>
         <subfield code="a">At head of title: Российская академия наук. Институт всеобщей истории.</subfield>
      </datafield>
      <datafield tag="880" ind1="0" ind2="0">
         <subfield code="6">505-04/</subfield>
         <subfield code="t">Памяти Григория Максимовича Бонгард-Левина /</subfield>
         <subfield code="r">А.П. Деревянко --</subfield>
         <subfield code="t">Remarks in tribute to Gregory Bongard-Levin /</subfield>
         <subfield code="r">G.W. Bowersock --</subfield>
         <subfield code="t">Григорий Максимович Бонгард-Левин /</subfield>
         <subfield code="r">А.И. Иванчик --</subfield>
         <subfield code="t">Академик Григорий Максимович Бонгард-Левин и изучение древних индийских рукописей, сохранившихся в Восточном Туркестане /</subfield>
         <subfield code="r">М.И. Воробъева-Десятовскаия --</subfield>
         <subfield code="t">Список публикаций академика Г.М. Бонгард-Левин.</subfield>
         <subfield code="t">Древний восток и степная евразия.</subfield>
         <subfield code="t">Телль Хазна I : уникальный памятник IV-III тысячелетий до н.э. Северной Месопотамии /</subfield>
         <subfield code="r">Р.М. Мунчаев, Ш.Н. Амиров --</subfield>
         <subfield code="t">Проблемы периодизации истории древней Месопотамии /</subfield>
         <subfield code="r">М.А. Дандамаев --</subfield>
         <subfield code="t">Хеттские литературные источники в свете ближневосточных этнокультурных контактов /</subfield>
         <subfield code="r">Л.С. Баюн --</subfield>
         <subfield code="t">"Хеваджра-тантра" и Ваджраяна /</subfield>
         <subfield code="r">В.П. Андросов --</subfield>
         <subfield code="t">Maritime and overland routes around the Persian Gulf in the Achaemenid period /</subfield>
         <subfield code="r">P. Callieri --</subfield>
         <subfield code="t">Каменные ълуновидныеъ подвески в непотревоженных погребальных комплексах кротовской культуры (Западная Сибирь) /</subfield>
         <subfield code="r">В.И. Молодин --</subfield>
         <subfield code="t">Вышитый ковер из 20-го ноин-улинского кургана /</subfield>
         <subfield code="r">Н.В. Полосьмак --</subfield>
         <subfield code="t">A Christian Sogdian hymn in Sogdian script /</subfield>
         <subfield code="r">N. Sims-Williams --</subfield>
         <subfield code="t">Inner Asia and the Korean Peninsula : on the reading of the Silla golden crowns /</subfield>
         <subfield code="r">S. Rosén.</subfield>
         <subfield code="5">NyNyUAW</subfield>
      </datafield>
      <datafield tag="880" ind1="8" ind2="0">
         <subfield code="6">505-05/</subfield>
         <subfield code="t">Античная цивилизация и ее традиции.</subfield>
         <subfield code="t">L'ancienne Erétrie hier, aujourd'hui, demain : 48 années de recherches archéologiques suisses en Eubée, Grèce (1964-2012) /</subfield>
         <subfield code="r">P. Ducrey --</subfield>
         <subfield code="t">The speech of the ancient Macedonians in the light of recent epigraphic discoveries /</subfield>
         <subfield code="r">M. Hatzopoulos --</subfield>
         <subfield code="t">Стасис как право и обязанность : закон Солона против нейтралитета в гражданской смуте /</subfield>
         <subfield code="r">И.Е. Суриков --</subfield>
         <subfield code="t">Зимние холода в ъАхарнянахъ Аристофана /</subfield>
         <subfield code="r">С.Г. Карнюк --</subfield>
         <subfield code="t">От Окса к Каспию : Дорога Александра Македонского в город Маргиану : реки Ох и Охс /</subfield>
         <subfield code="r">Э.В. Ртвеладзе --</subfield>
         <subfield code="t">A royal signature landscape : new light on the transformation of northern Syria after the conquest of Alexander /</subfield>
         <subfield code="r">L. Hannestad --</subfield>
         <subfield code="t">Une nouvelle proxénie argienne de la basse époque hellénistique et les synèdres d'Argos /</subfield>
         <subfield code="r">M. Piérart --</subfield>
         <subfield code="t">Новые данные о торговле в Причерноморье : надпись на тулове амфоры из Керченского музея /</subfield>
         <subfield code="r">С.Ю. Макаров --</subfield>
         <subfield code="t">Аршах I и его монетный чекан /</subfield>
         <subfield code="r">Г.А. Котеленко, В.А. Гаубов --</subfield>
         <subfield code="t">Истоки Марсия и Меандра в античных текстах /</subfield>
         <subfield code="r">Л.В. Семенченко --</subfield>
         <subfield code="t">Келены : Апамея Киботос : Результаты исследований в Южной Фригии /</subfield>
         <subfield code="r">А.И. Иванчик --</subfield>
         <subfield code="t">Strabo and the memory of Mithridates Eupator /</subfield>
         <subfield code="r">G.W. Bowersock --</subfield>
         <subfield code="t">The evolution of the urban space in the cities of the Roman Empire : Apamea in Syria, a case study /</subfield>
         <subfield code="r">J.-Ch. Balty --</subfield>
         <subfield code="t">Argumentum ad hominem в римском суде /</subfield>
         <subfield code="r">А.Л. Смытляев --</subfield>
         <subfield code="5">NyNyUAW</subfield>
      </datafield>
      <datafield tag="880" ind1="8" ind2="0">
         <subfield code="6">505-06/</subfield>
         <subfield code="t">Маний Ацилий Глабрион : "потомок Энея" (к интериретации одного из соовщений Геродиана) /</subfield>
         <subfield code="r">А.А. Молчанов --</subfield>
         <subfield code="t">Cyril of Scythopolis and Palestinian society : the Saracens /</subfield>
         <subfield code="r">F. Millar --</subfield>
         <subfield code="t">Aristotle's correspondence with Alexander the Great and the rise of an Islamic political theory /</subfield>
         <subfield code="r">M. Maróth --</subfield>
         <subfield code="t">Последний стих Псалма 120 в экзегезе Августина /</subfield>
         <subfield code="r">С.А. Стеланцов --</subfield>
         <subfield code="t">Некоторые замечания о церковнославянском переводе иерусалимского "Стязания с иудеем" /</subfield>
         <subfield code="r">Д.Е. Афиногенов --</subfield>
         <subfield code="t">Платон в древнерусской литературе XI-XIV вв. /</subfield>
         <subfield code="r">В.С. Ленская --</subfield>
         <subfield code="t">Возникновение понятия "Черное море" в средневековых географических традициях /</subfield>
         <subfield code="r">М.Д. Бухарин.</subfield>
         <subfield code="t">История науки и культуры.</subfield>
         <subfield code="t">Образ академика С.Ф. Ольденбурга в документах его современников /</subfield>
         <subfield code="r">В.С. Мясников --</subfield>
         <subfield code="t">"В поисках человека" : современные проблемы истории отечетвенной археологии /</subfield>
         <subfield code="r">И.В. Тункина --</subfield>
         <subfield code="t">Д.С. Лихачев как европеец /</subfield>
         <subfield code="r">В.Е. Багно --</subfield>
         <subfield code="t">Marxismo e schiavitù nella ricerca storica italiana del XX secolo sul mondo antico /</subfield>
         <subfield code="r">A. Marcone.</subfield>
         <subfield code="5">NyNyUAW</subfield>
      </datafield>
      <datafield tag="880" ind1="1" ind2="0">
         <subfield code="6">600-07/</subfield>
         <subfield code="a">Bongard-Levin, Grigoriĭ Maksimovich,</subfield>
         <subfield code="e">honoree.</subfield>
      </datafield>
      <datafield tag="880" ind1="1" ind2=" ">
         <subfield code="6">700-08/</subfield>
         <subfield code="a">Ивaнчик, A. И.,</subfield>
         <subfield code="q">(Aскольд Игоревич),</subfield>
         <subfield code="d">1965-</subfield>
      </datafield>
      <datafield tag="880" ind1="2" ind2=" ">
         <subfield code="6">710-09/</subfield>
         <subfield code="a">Institut vseobshcheĭ istorii (Rossiĭskai͡a akademii͡a nauk)</subfield>
         <subfield code="e">issuing body.</subfield>
      </datafield>
      <datafield tag="994" ind1=" " ind2=" ">
         <subfield code="a">Z0</subfield>
         <subfield code="b">ZYU</subfield>
      </datafield>
      <datafield tag="OWN" ind1=" " ind2=" ">
         <subfield code="a">GENERAL</subfield>
      </datafield>
      <datafield tag="AVA" ind1=" " ind2=" ">
         <subfield code="a">NYU50</subfield>
         <subfield code="b">NISAW</subfield>
         <subfield code="c">Small Collection</subfield>
         <subfield code="d">CB311 .M65 2013 Non-circulating</subfield>
         <subfield code="e">available</subfield>
         <subfield code="t">Available</subfield>
         <subfield code="f">1</subfield>
         <subfield code="g">0</subfield>
         <subfield code="h">N</subfield>
         <subfield code="i">0</subfield>
         <subfield code="j">SMALL</subfield>
         <subfield code="k">0</subfield>
      </datafield>
      <marc:datafield tag="852" ind1=" " ind2=" ">
         <marc:subfield code="b">Institute for the Study of the Ancient World, </marc:subfield>
         <marc:subfield code="c">Small Collection</marc:subfield>
         <marc:subfield code="e">15 East 84th St., </marc:subfield>
         <marc:subfield code="e">New York, NY  10028</marc:subfield>
      </marc:datafield>
   </record>